1864 3132
846 272 864 335 (
929 268 1027 326 viii
1091 268 1110 332 )

372 363 714 431 Expectabant
719 363 947 430 fortasse
967 365 1165 428 nonulli,
1194 372 1252 415 ut
1281 365 1706 417 Mscellaneomm

274 442 565 492 Criticorum
597 448 769 503 auctor
812 443 964 508 ipsam
1003 443 1209 492 Critices
1251 443 1485 492 virtutem
1531 450 1709 492 contra

269 522 476 570 convitia
501 538 531 568 a
552 519 833 588 quibusdam
852 520 1114 571 hominibus
1128 521 1324 587 jactari
1353 522 1498 571 solita
1533 520 1703 589 defen-

268 614 374 645 sum
418 615 536 646 eam.
606 597 658 646 ri
688 614 799 646 vero
831 598 948 647 mihi
982 598 1236 663 ignoscant
1276 598 1435 660 velim,
1475 599 1519 647 si
1554 598 1707 646 otium

249 674 399 742 sorte
433 690 586 722 meam
617 673 778 739 pluris
812 674 1057 735 oestimem,
1100 691 1242 741 quam
1278 674 1404 742 quod
1441 672 1709 723 istiusmodi

268 752 546 810 hominibus,
591 752 866 816 praesertim
906 769 1013 800 cum
1050 751 1222 800 Latine
1260 753 1484 810 scribam,
1523 753 1709 817 impen-

267 828 471 878 dendam
492 846 719 878 censeam.
791 829 941 878 Immo
974 836 1192 896 pergant
1208 828 1405 897 festiva
1418 830 1598 895 capita,
1630 829 1708 878 in-

261 909 399 975 genii
445 925 536 974 quo
595 907 929 957 destituuntur
970 907 1080 969 loco,
1121 907 1323 975 frontis
1369 926 1466 976 qua
1511 909 1708 975 egregie

259 984 446 1050 pollent
468 983 726 1053 perfrictae
760 1002 845 1049 ope
869 985 963 1033 niti
979 1005 995 1039 ,-
1028 993 1244 1051 pergant
1265 1002 1384 1053 quas
1409 986 1548 1035 beata
1567 985 1707 1035 stoli-

267 1062 456 1121 ditatis,
479 1062 822 1128 malignitatis,
844 1069 991 1130 atque
1010 1063 1207 1113 invidiae
1229 1063 1498 1130 conjuratio
1521 1063 1709 1113 abunde

265 1141 494 1207 suggerit
522 1142 733 1206 ineptias
768 1142 899 1207 apud
931 1143 1176 1209 imperitos
1204 1145 1373 1211 suique
1395 1144 1509 1194 adeo
1530 1144 1710 1194 similes

267 1219 570 1269 deblaterare
584 1240 600 1269 .·
648 1227 867 1286 pergant
911 1221 1166 1271 literarum
1207 1223 1541 1272 humaniorum
1598 1240 1708 1273 con-

267 1303 501 1362 temptum
529 1315 641 1363 prae
667 1305 719 1348 se
735 1297 951 1367 serendo
990 1300 1285 1366 ignorantiae
1322 1318 1424 1349 suoe
1450 1300 1607 1350 velum
1627 1299 1706 1348 ob-

268 1375 465 1424 tendere
504 1377 694 1425 conari:
738 1383 953 1442 pergant
988 1377 1198 1427 divinam
1234 1396 1376 1446 qaam
1409 1386 1550 1428 vocat
1572 1395 1708 1443 proe·

265 1451 593 1500 stantissimus
659 1452 969 1501 Casaubonus
1029 1455 1246 1504 Criticen
1261 1457 1314 1514 ¹⁵,
1370 1455 1541 1522 quibus
1573 1454 1710 1503 -solis

261 1536 478 1596 possunt,
497 1530 714 1578 convitiis
736 1530 1053 1579 cohonestare.
1117 1532 1238 1580 Cum
1250 1549 1362 1581 vero
1377 1538 1540 1581 noster
1553 1529 1712 1599 qualis

269 1607 427 1674 qualis
451 1605 638 1654 libellus
660 1606 713 1654 in
732 1606 1135 1657 emendationibus
1153 1609 1454 1674 potissimam
1474 1613 1709 1669 versetur,

267 1687 364 1751 ipsi
386 1685 704 1735 emendatoris
721 1686 998 1751 provinciae,
1023 1704 1166 1752 quam
1181 1685 1318 1754 infra
1333 1688 1550 1752 primum
1573 1702 1711 1753 quem

178 1772 243 1821 vii
269 1767 321 1815 in
343 1772 453 1814 arte
476 1765 647 1813 critica
665 1764 817 1812 locum
830 1764 1046 1812 obtinere
1059 1763 1210 1824 debet,
1227 1765 1287 1813 ab
1301 1764 1505 1814 eruditis
1515 1764 1710 1830 quibus-

269 1843 380 1892 dam
414 1842 616 1906 deprimi
652 1841 816 1895 vide03
871 1841 1093 1889 honorem
1127 1859 1265 1891 suum
1305 1849 1451 1909 atque
1496 1842 1710 1891 ordinem

267 1919 513 1970 vindicare
550 1916 831 1983 aggrediar.
923 1915 1107 1982 Nempe
1151 1918 1201 1966 in
1248 1919 1422 1967 critica
1468 1917 1712 1982 palaestra

262 1997 560 2062 palmarium
602 2012 700 2044 esse
731 1993 900 2042 volunt
933 1993 1119 2058 scripta
1146 1996 1409 2061 suppositio
1432 2012 1464 2043 a
1481 1994 1711 2062 genuinis

272 2075 565 2142 dignoscere,
591 2072 868 2138 primasque
904 2070 1018 2119 adeo
1055 2088 1150 2120 non
1176 2072 1292 2139 jam
1331 2073 1712 2122 emendationum

333 2190 398 2225 15.
429 2183 549 2222 “Isti
578 2188 683 2229 sunt,
710 2180 858 2234 partim
885 2182 965 2220 De-

273 2248 433 2290 mocriti
461 2248 678 2300 populares
717 2252 759 2285 et
788 2245 965 2284 Arcades

271 2313 557 2367 βαλανηφάγοι,
603 2311 751 2365 partim
799 2309 963 2362 vitiliga-

272 2386 381 2421 tores
427 2379 563 2417 literas
615 2389 802 2429 perverse
843 2375 966 2421 docti,

275 2445 422 2485 divinae
442 2441 608 2481 Critices
647 2439 882 2491 (legitimam
911 2438 970 2476 in-

275 2508 430 2558 telligo,
456 2519 536 2545 non
566 2505 678 2544 istam
710 2505 967 2556 volvivagam,

277 2579 319 2612 et
365 2577 411 2610 ut
455 2568 635 2621 loquitur
679 2568 967 2613 Tertullianus,

277 2635 496 2689 passivam)
561 2632 696 2671 hostes
768 2638 810 2670 et
875 2644 969 2671 cou-

278 2705 521 2751 temptores;
587 2708 754 2746 quorum
809 2693 970 2734 fatuita-

280 2768 361 2801 tem
401 2767 471 2800 aut
513 2756 728 2804 κακοήθειαν
769 2763 831 2796 tot
871 2758 967 2796 locis

280 2836 443 2876 magnus
457 2822 636 2863 Galenus
651 2826 732 2860 tam
743 2820 889 2861 acriter
907 2826 967 2861 est

1020 2165 1275 2221 insectatus.'’
1319 2183 1638 2223 CAsAUBoNUS
1658 2183 1714 2225 ad

1019 2245 1217 2284 Lectorem
1274 2246 1471 2286 Athenaei.
1556 2252 1581 2270 “
1618 2248 1712 2300 Ipse

1020 2321 1181 2360 quoque
1219 2309 1468 2349 casaubonus
1494 2309 1713 2362 aliquando

1022 2372 1297 2411 commentarii
1353 2373 1404 2412 de
1472 2373 1622 2414 Critica
1673 2379 1711 2414 et

1024 2435 1187 2475 Criticis
1206 2450 1315 2489 spem
1329 2436 1439 2484 fecit,
1459 2436 1546 2476 aliis
1565 2436 1714 2477 deinde

1022 2500 1227 2540 laboribus
1239 2501 1512 2553 interceptam.
1528 2501 1632 2540 Vide
1646 2515 1710 2554 ep.

1023 2565 1111 2615 ejus
1139 2571 1231 2606 211.
1261 2573 1303 2606 et
1315 2559 1415 2607 266.
1444 2571 1487 2604 et
1514 2565 1710 2607 Meritum

1023 2630 1195 2670 Casaub.
1216 2631 1256 2669 in
1275 2627 1628 2683 pietate‘adversus
1642 2643 1713 2683 pa-

1022 2696 1124 2733 terni
1154 2696 1323 2735 nominis
1351 2696 1494 2735 hostes.
1533 2708 1575 2748 p.
1600 2695 1712 2737 161.”

1022 2760 1340 2808 Casauboniana,
1369 2771 1410 2811 p.
1431 2762 1523 2805 249.
