1864 3132
958 217 1058 270 112

285 335 468 374 scrutatus
486 334 593 377 esset,
610 328 649 367 in
666 328 795 367 eadem
807 327 977 379 opinione

284 397 351 435 vix
369 394 610 447 permanserit
627 393 685 431 vir
701 391 976 444 sagacissimus.

282 459 442 502 Plurimi
460 461 532 498 “in
551 460 695 498 Graecis
707 459 979 510 reprehendunt

285 528 369 574 hoc,
398 527 493 578 quod
511 531 683 565 accentus
701 538 839 565 vocum
846 537 879 563 ,α
896 536 978 562 ver-

285 604 395 630 suum
411 590 618 629 accentibus
630 590 835 640 discrepent
846 590 953 628 toties
967 603 976 627 :

285 669 367 708 quae
382 668 439 693 res
452 654 600 706 ingrata
612 654 694 693 visa
709 654 851 693 Latinis
863 652 978 707 etiam

286 720 402 772 poetis
420 720 598 764 scenicis;
624 725 661 758 et
675 719 736 758 his
752 718 913 771 quidem,
941 718 979 755 in

285 791 391 824 tanta
405 785 515 823 metri
527 785 688 832 licentia,
700 784 850 823 merito:
873 784 981 822 Grae·

286 850 339 889 cis
364 849 417 888 nil
434 849 574 900 gratius
598 848 672 888 hec
696 848 839 886 numeri
856 853 892 885 et
914 860 982 886 vo-

287 913 503 954 cabulorum
531 914 568 951 in
596 913 762 952 versibus
788 913 983 952 concordia

286 980 475 1020 discordi.”
503 978 638 1018 Boecls.
665 980 711 1017 de
727 979 854 1017 metris
874 978 981 1017 Pind.
1010 1009 1012 1011 .

286 1059 324 1096 p.
338 1047 375 1085 2.
432 1045 493 1083 Ex
509 1044 581 1083 hoc
600 1058 688 1083 sane
705 1046 812 1084 effato
829 1045 882 1083 nil
898 1057 984 1083 con·
1002 1047 1005 1052 '

288 1101 349 1148 fi'ci
365 1114 498 1158 potest.
554 1109 625 1147 Vir
641 1109 779 1159 optime
794 1110 838 1148 de
853 1109 983 1148 litteris

289 1175 455 1220 meritus,
473 1173 660 1213 Henricus
679 1175 807 1225 Gany,
831 1176 892 1227 qui
909 1175 983 1213 dis·

288 1239 486 1292 punitionis
513 1253 591 1278 suae
620 1239 761 1290 laqueis
793 1239 983 1279 Fosterum

288 1304 471 1343 irretitum
489 1304 636 1342 tenebat
653 1309 690 1341 et
700 1304 826 1353 perdiu
837 1309 984 1355 torque-

290 1369 367 1415 bat,
374 1381 502 1407 earum
510 1368 723 1407 notularum
733 1368 831 1418 leges
843 1368 983 1405 curiose

291 1432 413 1483 magis
432 1444 545 1483 quam
560 1431 753 1480 prudenter
769 1429 982 1480 pensitavit.

292 1484 370 1537 Hic
385 1497 424 1535 in
445 1495 646 1535 tentamine
666 1507 732 1533 suo
750 1489 985 1533 necessitudi-

291 1575 379 1602 nem
389 1563 485 1601 inter
502 1561 747 1612 quantitatem
765 1564 801 1598 et
812 1563 984 1597 accentus

292 1628 578 1668 intercedentem
599 1624 763 1677 quadam
787 1626 826 1664 vi
852 1624 987 1664 doctri-
1009 1645 1012 1648 ⁴

294 1705 353 1732 nae
369 1690 559 1738 vadavit,
589 1695 627 1727 et
643 1690 720 1740 ejus
739 1688 924 1741 sagacitas
942 1687 987 1724 de

293 1756 393 1795 acuti
409 1768 478 1793 usu
495 1753 669 1805 praeclare
683 1752 834 1804 enituit3
863 1751 926 1790 sed
942 1751 988 1789 de

293 1817 514 1872 ὄρθοτονὶας
531 1815 678 1866 regulis,
700 1828 782 1866 quae
798 1813 986 1853 acerrimis

294 1879 554 1919 tantummodo
571 1877 713 1924 studiis,
736 1878 907 1916 maxima
923 1888 988 1915 ex-

293 1943 505 1983 ercitatione
519 1941 691 1993 cognosci
707 1946 743 1979 et
756 1941 892 1992 percipi
905 1953 988 1991 pos·

294 2013 392 2054 sunt,
419 2007 539 2046 altum
567 2006 753 2046 silentium
778 2010 845 2043 est.
901 2003 987 2042 Hoc

295 2073 458 2125 profecto
475 2072 636 2117 mirum3
666 2071 803 2109 etenim
821 2075 851 2101 ⁷“
865 2068 989 2107 interi-

294 2150 362 2176 ora
387 2137 489 2175 velut
515 2136 612 2176 sacri
636 2136 746 2187 hujus
773 2136 988 2174 adeuntibus

296 2199 488 2251 apparebit
505 2199 625 2237 multa
648 2212 772 2237 rerum
795 2198 990 2245 subtilitas,

297 2277 380 2316 quae
417 2277 492 2302 non
529 2265 640 2302 modo
678 2275 809 2302 acuere
844 2263 991 2314 ingenia

296 2328 462 2381 puerilia,
491 2330 555 2367 sed
580 2342 749 2368 exercere
766 2329 989 2368 altissimam

298 2405 441 2444 quoque
464 2393 704 2432 eruditionem
729 2406 773 2432 ac
797 2392 990 2432 scientiam

297 2457 446 2508 possit.”
501 2457 631 2495 Insunt
654 2458 830 2496 nimirum
858 2457 895 2495 in
923 2456 992 2494 lin-

298 2533 372 2572 gua
391 2520 527 2558 Graeca
542 2526 715 2559 accentus
733 2521 824 2559 adeo
842 2519 993 2570 conglu-

301 2583 408 2621 tinati
425 2588 463 2621 et
478 2584 618 2623 ratione
636 2585 797 2635 quadarn
818 2584 992 2622 constric-

1016 327 1071 375 ·ti‚
1099 331 1142 366 nt
1169 325 1298 366 litteris
1321 323 1555 365 nascentibus
1575 335 1721 367 succro·

1029 391 1142 439 visse,
1154 391 1287 430 adultis
1299 390 1499 429 adhaesisse
1510 390 1722 435 videantur-3

1030 462 1067 496 et
1083 469 1151 496 nos
1167 469 1232 498 suo
1250 470 1313 496 eas
1335 468 1508 495 concesso
1533 461 1571 494 et
1586 455 1723 494 tradito

1031 525 1161 569 ornatu
1203 521 1398 568 denudare,
1450 533 1532 572 quae
1571 519 1722 574 tandein

1031 585 1194 624 amentia
1202 589 1278 624 est?
1297 586 1340 624 In
1354 584 1427 623 illis
1437 597 1525 623 vero
1535 582 1723 622 tradendis

1030 647 1172 696 utilem,
1189 647 1383 694 eruditam,
1411 646 1582 693 solidam,
1598 650 1636 683 et
1652 643 1726 683 mi·

1031 713 1131 752 nime
1150 712 1519 751 fucatam-rationem
1543 710 1729 748 desidera·

1032 787 1129 833 mus.
1150 790 1152 793 ·
1197 777 1443 816 Athenienses
1486 776 1536 814 ab
1575 775 1726 828 'imnte

1033 849 1142 883 aetate
1170 843 1223 881 sic
1247 856 1287 880 se
1308 841 1432 892 patrio
1453 840 1614 879 sermoni
1629 839 1729 879 dedi-

1035 909 1175 955 derunt,
1193 906 1336 945 nullam
1353 911 1395 944 ut
1410 917 1517 944 nosse
1529 903 1645 953 aliam
1661 894 1731 942 Iin-

1036 986 1151 1025 guam
1182 972 1404 1010 viderentur.
1476 969 1591 1007 Nuda
1626 968 1730 1007 vocis

1036 1035 1242 1075 modulatio
1267 1035 1306 1073 in
1328 1033 1482 1071 dicendo
1510 1032 1625 1070 etiam
1650 1030 1731 1082 qui·

1037 1101 1126 1139 dam
1150 1099 1339 1139 obscurior
1361 1103 1492 1136 cantus
1516 1093 1612 1142 fuiu
1652 1096 1731 1136 toni

1036 1164 1229 1211 flexibiles,
1263 1169 1286 1187 ‘⁴
1304 1168 1346 1201 ut
1379 1163 1528 1201 chordae
1560 1166 1648 1201 sunt
1675 1161 1734 1199 in·

1036 1236 1158 1276 tentae,
1189 1241 1271 1280 quae
1301 1228 1350 1266 ad
1375 1239 1559 1279 quemque
1586 1231 1731 1265 tactum

1036 1294 1301 1344 respondeant;
1337 1296 1460 1338 acuta,
1480 1290 1619 1342 gravis,
1645 1290 1733 1340 cita,

1036 1359 1156 1405 tarda,
1173 1370 1324 1408 magna,
1341 1369 1460 1407 parva
1471 1357 1503 1393 :'’
1531 1355 1592 1406 qui
1605 1360 1734 1400 tamen

1036 1422 1085 1458 ab
1116 1420 1378 1458 exercitatione
1409 1423 1447 1457 et
1474 1412 1735 1457 consuetudine
1783 1435 1790 1438 ’

1037 1497 1190 1524 omnem
1197 1484 1360 1522 adaures
1373 1489 1503 1533 aptam
1509 1471 1733 1522 vadentem

1040 1548 1334 1587 consecutisunt.
1355 1547 1457 1592 Quid
1466 1545 1735 1585 istuetmmi-

1039 1627 1139 1662 rum,
1159 1614 1195 1654 si
1211 1612 1495 1652 adolescentulis
1507 1611 1651 1652 ‚senefia
1663 1610 1736 1651 sub

1039 1678 1288 1731 penetralibus
1299 1679 1465 1717 enutritis
1479 1671 1662 1732 haendotes
1676 1676 1736 1727 fa·

1041 1745 1110 1784 cile
1120 1744 1335 1795 obtigerint?
1354 1743 1534 1781 Conditor
1541 1742 1570 1780 I
1567 1742 1685 1781 liadoe
1695 1743 1733 1780 et

1041 1809 1205 1848 amabilis
1222 1822 1307 1847 orsa
1331 1807 1532 1847 Menandri
1552 1800 1736 1846 ¹Evolveu⁴

1041 1873 1088 1911 da
1103 1871 1173 1910 tibi
1184 1886 1197 1910 .·
1231 1873 1386 1923 tufleoeu
1403 1871 1618 1910 et·acumine
1634 1871 1737 1910 ’vocis

1041 1937 1257 1976 Innumeros
1278 1935 1445 1974 numeros
1470 1935 1588 1986 doctis
1607 1934 1755 1975 accen-⁸

1041 2004 1137 2042 tibus
1169 2002 1280 2052 effer,-
1309 2002 1565 2052 Accentueque
1594 2001 1738 2052 &pont

1042 2067 1176 2118 legens.
1197 2066 1396 2114 Ausonius,
1411 2065 1525 2105 3653'
1565 2065 1735 2116 Virgulae

1041 2133 1124 2172 istae
1141 2132 1281 2171 scilicet
1304 2133 1353 2170 ab
1372 2131 1539 2170 Homero
1556 2142 1672 2182 usque
1686 2129 1736 2170 ad
1808 2171 1816 2175 ,

1045 2197 1272 2236 Athenaeum
1312 2201 1350 2234 et
1378 2197 1477 2236 ultra
1515 2201 1539 2220 ‘⁴
1552 2195 1742 2238 vocabulis»

1041 2262 1192 2312 scriptis
1224 2275 1295 2300 non.
1329 2261 1634 2314 appingebantur‚
1674 2259 1740 2299 sed

1041 2338 1203 2364 sermone
1242 2326 1403 2376 prolatis
1436 2326 1639 2365 necessario
1673 2325 1739 2365 ad-

1043 2391 1258 2430 haerebant?
1290 2391 1553 2430 Trnwm-rr.
1569 2391 1616 2429 ad
1634 2390 1740 2428 Arie-

1045 2460 1111 2494 tot.
1128 2456 1230 2494 Poet.
1249 2468 1374 2495 XLVI.
1417 2455 1541 2495 Graeci
1559 2454 1657 2493 enim
1675 2467 1740 2492 ex·

1045 2521 1181 2559 stincta
1209 2534 1301 2571 pene
1334 2521 1569 2560 Athenarum
1605 2517 1739 2571 eloquii

1046 2591 1084 2624 et
1110 2586 1300 2636 sapientiae
1330 2586 1538 2638 majestate,
1569 2584 1741 2624 barbaro·

362 2733 384 2755 ⁸
397 2731 472 2764 Hae
485 2731 528 2764 de
542 2741 578 2764 re
591 2739 699 2764 annos
711 2730 836 2763 abhinc
848 2731 926 2772 plus
941 2731 1054 2765 minus
1068 2731 1290 2765 novendecim
1305 2729 1503 2764 declamavi.
1528 2728 1627 2765 Geni.
1637 2728 1739 2770 neg.

308 2781 382 2815 Oce.
405 2782 492 2817 1797.
