1864 3132
151 854 245 906 297

959 205 1061 256 520

292 313 526 375 Quartam
546 312 826 377 posterioris
849 313 1027 362 senarii
1049 313 1209 362 sedem
1231 318 1436 378 occupat
1456 314 1720 378 spondeus:

291 408 403 440 nam
442 407 538 440 vox
576 413 712 454 αὙυια
750 391 955 440 mediam
994 380 1176 456 uBique
1206 393 1498 457 producit.22³
1565 393 1723 458 Porro

290 486 353 518 ne
396 469 504 533 ipsa
551 469 745 533 quidem
792 468 1033 516 sententia
1066 475 1200 517 recte
1234 470 1485 533 procedit:
1545 469 1723 516 Valent

288 547 459 612 utique
484 552 794 611 Γεωμετρησαι
828 547 1049 606 βονλομαι
1083 568 1165 595 τον
1197 568 1304 610 aspa
1341 544 1578 595 Dimetiri
1610 544 1720 594 volo
1739 534 1749 541 .

287 641 427 682 aera,
473 641 574 676 non
614 640 755 672 secus
798 630 944 688 atque
990 630 1176 672 terram
1218 624 1375 671 solent
1419 629 1682 687 geometrae
1700 638 1720 670 .-

286 709 561 767 sequuntur
582 701 745 751 autem
768 700 924 751 διὲλειν
946 724 1000 750 τε
1021 725 1109 750 κατ
1131 724 1306 765 aymus,
1343 709 1393 749 et
1414 701 1644 750 dirimere
1665 699 1720 748 in

284 779 509 842 compita.
564 779 798 827 Solentne
820 795 949 836 vero,
986 780 1204 837 obsecro,
1239 786 1506 845 geometrae
1539 785 1718 826 terram

285 856 334 904 in
359 856 568 920 compita
593 853 854 905 dirimere?
901 855 958 902 In
969 854 1161 918 jugera
1187 849 1716 918 potius.*crediderim.

284 931 358 979 Ac
396 932 617 996 proinde,
661 937 717 978 ut
760 931 904 978 homo
939 930 1270 995 jactabundus
1314 947 1413 979 aera
1457 931 1619 978 itidem
1666 929 1717 977 in
1766 971 1768 978 ,

266 1005 462 1070 jugera
508 1024 559 1055 se
604 1007 953 1070 dirempturum
1001 1006 1305 1070 polliceatur,
1351 1007 1716 1056 rescribendum

280 1085 480 1132 omnino
504 1100 709 1133 censeo:

412 1176 540 1229 Υμιν,
576 1168 733 1218 διέλειν
759 1192 813 1217 τε
841 1193 955 1218 κατα
978 1192 1119 1233 Ύυιας.
1178 1175 1296 1235 Προς
1324 1193 1413 1219 των
1441 1175 1563 1219 θεων.

278 1258 365 1308 Sin
390 1281 503 1322 Ὑυας
527 1259 676 1316 malis,
701 1259 834 1306 litem
859 1275 957 1306 non
982 1276 1166 1308 moveo.
1226 1259 1353 1306 Illud
1376 1276 1490 1308 vero
1515 1274 1714 1307 monere

274 1336 410 1394 libet,
447 1335 652 1401 syllabas
688 1358 747 1394 αι,
784 1358 836 1392 ει,
866 1358 922 1394 οι,
956 1359 1009 1393 υι,
1057 1337 1442 1400 quotiescunque
1477 1343 1714 1401 sequente

274 1412 428 1460 vocali
451 1412 798 1476 producantur,
821 1412 1025 1476 perinde
1048 1413 1389 1477 concipiendas
1413 1429 1518 1461 esse
1537 1420 1587 1461 et
1601 1427 1715 1477 pro-

276 1489 594 1547 nunciandas,
631 1504 689 1536 ac
721 1489 759 1535 si
790 1488 968 1537 vocalis
995 1489 1071 1537 vel
1104 1490 1267 1553 potius
1303 1506 1578 1538 consonans
1601 1512 1712 1538 ιωτα

272 1566 474 1633 gemina
495 1566 832 1614 haberetur.⁹⁹⁴
886 1565 1069 1629 Neque
1099 1565 1250 1630 igitur
1279 1583 1460 1615 moram
1485 1567 1710 1630 cuiquam

328 1704 419 1739 223.
450 1701 495 1739 Il.
514 1701 561 1750 B,
598 1705 659 1739 12.
705 1701 763 1738 νῦν
793 1701 869 1753 γάρ
903 1717 964 1739 κεν

272 1761 351 1803 ἕλοι
397 1763 507 1802 πόλιν
551 1762 764 1818 εὖρυάγυιαν
812 1763 961 1816 Τροίων.

274 1825 344 1864 Or.
364 1830 456 1871 751.
504 1824 618 1865 Εἶδον
652 1826 799 1865 ἄστεως
833 1826 962 1874 α’·γυιᾶς·

231 1913 233 1916 -
272 1892 453 1944 τεύχεσιν
471 1889 748 1944 πεφραγμένας.

326 1958 418 1993 224.
449 1953 545 1991 Vide
564 1954 666 2002 App.
687 1966 724 2002 p.
748 1952 832 1995 17*.
863 1951 962 1989 Satis

271 2018 475 2063 subtiliter3
502 2017 567 2055 sed
595 2016 738 2053 fallitur
766 2014 825 2052 vir
853 2027 964 2064 saga-

271 2083 443 2120 cissimus
458 2096 469 2120 ε
487 2083 576 2129 γύας
588 2080 686 2124 enim
698 2092 838 2128 semper
848 2078 962 2115 scribi

268 2147 399 2184 debere
421 2151 548 2185 monet
573 2145 622 2182 R.
644 2145 690 2182 P.
718 2144 765 2181 ad
788 2144 859 2182 Ph.
879 2141 957 2181 655

268 2211 376 2261 (649.
399 2211 436 2248 V
433 2211 555 2260 alck.).
571 2222 680 2261 quem
691 2209 788 2247 conf.
803 2209 850 2246 ad
866 2208 960 2246 Hec.

268 2281 362 2316 453.
407 2275 579 2327 AEschyl.
610 2275 653 2312 P.
673 2274 724 2311 V.
754 2277 846 2317 370.
867 2270 959 2316 706.

268 2342 452 2381 Abresch.
480 2342 527 2379 ad
558 2339 731 2390 AEschyl.
760 2350 834 2384 111,
866 2341 956 2382 193.

269 2406 385 2457 Soph.
424 2405 514 2443 OEd.
554 2404 638 2442 Col.
687 2407 752 2441 58.
807 2401 958 2450 ἐπὶγυον

252 2469 367 2521 funis
385 2467 600 2514 nauticus,⁴⁴
616 2466 862 2516 penultimam
873 2477 958 2516 pro-

266 2534 437 2573 culdubio
468 2532 650 2583 producit,
683 2536 769 2569 cum
798 2532 847 2570 sit
871 2544 957 2569 con·

267 2604 388 2638 tracta
405 2610 452 2636 ex
467 2596 694 2645 ἐπιγύαιον.”
735 2597 784 2634 R.
801 2597 848 2635 P.
878 2598 955 2635 PR.

266 2664 398 2704 1i=lv.
443 2662 540 2701 conf.
572 2662 687 2711 Toup.
716 2663 763 2699 ad
793 2662 896 2700 Suid.
923 2675 954 2709 1,

272 2734 360 2775 190.
382 2729 511 2780 Neque
522 2740 679 2778 usquam
694 2728 834 2765 obtinet
846 2728 952 2765 RD.

266 2794 473 2834 observatio
516 2793 614 2843 apud
649 2793 785 2831 Atticae
831 2804 951 2837 scenae

1017 1703 1161 1748 poetas,
1191 1703 1217 1721 ‘⁴
1238 1688 1310 1735 uiri
1339 1698 1377 1735 in
1400 1697 1519 1735 vocali
1536 1712 1568 1743 ε,
1597 1708 1710 1747 neque

1017 1763 1057 1801 id
1091 1763 1130 1800 in
1166 1764 1341 1810 omnibus,
1380 1776 1411 1800 e.
1437 1776 1480 1814 g.
1525 1761 1637 1808 ἡδέως·
1673 1766 1709 1799 et

1017 1826 1211 1881 πρακτέον
1241 1840 1422 1878 nunquam
1448 1827 1487 1864 in
1510 1826 1710 1876 disyllabon

1018 1890 1315 1930 contrahuntur?
1371 1890 1422 1928 R.
1450 1889 1496 1928 P.
1543 1890 1591 1927 ad
1637 1889 1708 1926 Ph.

1021 1955 1136 1994 1651.
1183 1956 1233 1992 Et
1250 1968 1307 1992 res
1326 1955 1442 1992 ferme
1459 1953 1507 1991 ad
1526 1953 1707 2003 liquidum

1016 2017 1164 2067 perduci
1201 2022 1322 2067 potest
1357 2015 1533 2054 Comicos
1573 2016 1708 2066 Tragi-

1016 2091 1150 2129 cosque
1169 2079 1299 2116 formis
1318 2079 1401 2116 ποῶ
1421 2084 1487 2116 aut
1505 2079 1602 2117 ποιῶ
1618 2091 1704 2118 usos

1014 2156 1106 2190 esse,
1122 2149 1231 2193 prout
1245 2156 1372 2181 versus
1393 2143 1486 2181 ratio
1499 2143 1706 2194 flagitabat.

1013 2209 1171 2247 Thesm.
1189 2207 1255 2247 65.
1282 2209 1434 2254 ποητοῦ
1453 2208 1572 2255 Ᾰυηῐ.,
1602 2208 1704 2246 Nub.

1015 2277 1106 2312 258.
1137 2271 1252 2310 1460.
1286 2276 1401 2316 1497.
1430 2273 1595 2320 Δποοιῖμειι
1615 2273 1704 2311 MS.

1013 2339 1169 2377 Barocc.
1209 2341 1298 2381 127.
1367 2339 1548 2388 Anaguro
1601 2339 1705 2376 ποιεῖν

1013 2402 1064 2441 R.
1078 2404 1124 2441 P.
1155 2402 1271 2451 Soph.
1290 2401 1349 2439 El.
1369 2407 1474 2440 ποεῖν
1489 2401 1576 2439 MS.
1592 2402 1704 2440 Harl.

1011 2471 1038 2517 (ῐ
1059 2482 1083 2506 a
1101 2467 1234 2505 recenti
1253 2479 1367 2505 manu
1386 2467 1528 2516 illata);
1549 2466 1602 2504 sic
1619 2467 1701 2506 edd.

1014 2535 1071 2573 Fl.
1091 2538 1128 2580 2,
1151 2537 1268 2579 1555,
1307 2537 1345 2579 4,
1386 2538 1424 2569 et
1454 2535 1515 2569 12.
1562 2537 1599 2569 et
1627 2532 1702 2585 Eq-
1757 2561 1760 2563 .

1011 2599 1126 2638 stath.
1154 2611 1190 2647 p.
1214 2595 1331 2643 1326,
1352 2600 1415 2640 57.
1443 2607 1526 2646 quae
1553 2595 1589 2631 in
1611 2595 1700 2634 Bas.

1011 2665 1055 2701 P.
1078 2666 1193 2708 1450,
1221 2666 1259 2705 7.
1299 2661 1338 2698 in
1370 2665 1485 2698 ποιεῖν
1520 2666 1699 2698 mutatur.

1008 2729 1069 2766 Jo.
1107 2727 1324 2764 Grammat.
1380 2725 1611 2777 περιαιροῦσι
1658 2724 1701 2763 δὲ

1007 2790 1185 2845 πολλάκις
1199 2790 1258 2829 καὶ
1274 2790 1324 2829 vo*
1338 2797 1361 2827 ῑ·
1390 2789 1441 2827 τό
1452 2789 1699 2844 γάρ-ποιεῖν
