1864 3132
0 0 2 135 x

0 136 2 270 ν

828 235 893 283 81

137 340 270 405 apud
309 337 576 388 Hesiodum
615 336 766 386 locus.
845 338 996 388 Extat
1028 345 1192 417 autem
1225 338 1490 408 Theogon.
1525 356 1575 390 v.

147 431 272 467 1013.
716 431 718 433 “
1084 447 1088 449 -

344 486 412 554 Οι.
426 501 477 561 δη
499 525 571 552 τοι
593 510 719 560 μαλα
738 485 855 559 ’τηλε
876 523 1025 567 μυχων
1049 525 1186 561 νησων
1210 506 1373 570 ἱεραων.

145 613 242 676 Qui
264 613 459 677 quidem
484 611 664 661 nullam
694 610 1044 675 interpretibus
1068 628 1252 661 moram
1274 613 1443 679 injecit
1465 612 1584 676 quin

145 689 516 758 constructionis
572 688 732 737 securi
775 688 1010 736 verterint
1032 707 1042 737 :
1121 686 1220 747 Qui
1273 703 1396 738 sane
1438 687 1587 737 valde

144 766 318 833 procul
361 767 412 815 in
457 781 652 815 recessu
696 764 980 814 insularum
1036 780 1314 814 sacrarum.
1403 765 1586 814 Verum

147 846 394 894 enimvero
416 845 508 892 ista
531 851 643 901 τηλε
662 866 811 908 μυχων
831 843 955 891 adeo
986 859 1085 891 non
1112 839 1293 907 proc'ul
1314 841 1367 891 in
1387 858 1589 891 recessu

147 923 325 980 valent,
362 928 416 970 ut
439 922 637 970 notione
667 921 814 985 plane
838 920 1083 968 contraria
1104 919 1383 986 significent
1409 919 1592 983 procul

147 1016 180 1048 a
203 998 493 1048 recessibus
530 999 890 1063 Reponendum
914 1003 987 1045 est
1010 1008 1195 1046 ΜΥΧΩΙ
1218 1019 1358 1055 νησων
1381 997 1589 1063 ἱέραών33

148 1074 243 1123 Cui
266 1074 464 1122 lectioni
488 1076 751 1139 respondet
773 1075 1090 1139 interpretum
1115 1074 1369 1147 expositio.

218 1205 342 1254 Ibid.
361 1233 428 1240 —
446 1201 710 1270 ελελιχθον]
780 1203 1047 1267 Exponunt
1102 1203 1390 1268 interpretes
1447 1209 1592 1251 terrce

152 1290 428 1350 quassator.
466 1283 647 1332 Verum
672 1299 731 1330 ea
752 1282 1037 1346 neutiquam
1061 1289 1135 1330 est
1156 1299 1272 1331 vera
1294 1283 1436 1349 hujus
1459 1282 1595 1331 verbi

154 1361 301 1409 notio.
369 1360 655 1412 Accuratius
688 1359 1089 1422 interpretaberis
1128 1365 1274 1409 terrae
1309 1375 1593 1424 percussor,

146 1437 293 1502 juxta
314 1436 442 1483 istud
464 1436 600 1499 Virg.
625 1435 854 1499 Georgia
882 1451 916 1482 1.
945 1447 1011 1483 12.

259 1546 289 1575 ξ

635 1549 783 1608 tuque
806 1559 833 1591 ο
857 1543 940 1591 cui
953 1543 1122 1606 prima
1131 1540 1452 1610 ‘frementem'
1634 1559 1696 1599 48

317 1619 471 1692 Fudit
494 1636 672 1686 equum
693 1636 879 1683 magno
903 1619 1051 1670 tellus
1071 1636 1301 1684 percussa
1324 1622 1547 1672 tridente.

159 1743 355 1807 Nempe
389 1743 470 1791 hic
504 1742 639 1789 locus
674 1747 748 1788 est
781 1739 1030 1789 Pindarici
1064 1741 1386 1805 paraphrasis.
1447 1741 1600 1790 Simili

160 1807 307 1870 sensu
341 1820 601 1868 adhibetur
633 1817 915 1883 ελελιζομενη
952 1817 1094 1882 Pyth.
1116 1834 1155 1875 ἱι.
1195 1830 1234 1871 7.
1306 1819 1506 1883 Nempe
1539 1820 1602 1868 ad

161 1900 372 1968 φορμυγξ
409 1898 619 1947 refertur
654 1896 733 1944 cui
772 1895 892 1943 nihil
931 1895 1100 1944 melius
1147 1899 1405 1946 convenire
1444 1904 1604 1962 potest

163 1995 308 2044 quam
345 1992 604 2040 percussa.
692 1973 902 2038 [agitur
958 1975 1102 2022 etiam
1160 1975 1353 2041 Olymp1
1401 1994 1471 2025 1x.
1530 1989 1599 2025 21.
1663 2025 1668 2030 ,

163 2062 377 2120 φορμογγ
414 2051 623 2116 ελελιζων
669 2047 929 2113 citharam
958 2050 1170 2116 feriens.
1245 2053 1426 2101 Annon
1473 2070 1603 2111 vere,

164 2132 294 2179 dicet
339 2143 600 2186 nonnemo,
656 2126 858 2175 verbum
910 2127 1122 2193 ελελιζειν
1179 2145 1419 2193 quassare
1475 2129 1605 2194 apud

150 2208 320 2271 >ipsum
361 2203 625 2254 Poetarum
662 2202 930 2268 principem
970 2203 1203 2254 denotat?
1257 2206 1454 2271 Nempe
1477 2207 1605 2270 apud

223 2330 289 2365 23.
319 2326 364 2364 In
392 2325 480 2363 MS.
508 2324 628 2362 PariS.
656 2323 709 2387 sit}
737 2323 866 2362 scribi·
918 2326 1011 2362 Ant.
1028 2329 1143 2370 1293.
1172 2326 1215 2364 οὖ
1228 2327 1303 2380 *γάρ
1321 2327 1360 2366 ἐν
1377 2335 1514 2383 μυχοῖς
1533 2329 1605 2368 ἔτι.

168 2396 251 2430 tur:
282 2390 335 2428 Οἳ
352 2388 396 2435 δή
423 2405 484 2426 τοι
503 2387 599 2435 μα’λε
619 2387 715 2434 τῆλε
733 2389 864 2441 μυχῶν
919 2390 1009 2427 Eur.
1024 2390 1153 2440 Suppl.
1171 2395 1249 2430 545
1261 2411 1303 2429 =
1319 2394 1494 2440 555.--ἦ1
1512 2394 1608 2434 τέκν’

171 2455 259 2492 εἵσω
292 2450 437 2507 ἷερᾶων.
485 2451 556 2489 Sed
579 2452 673 2499 bene¹
703 2450 862 2501 Gujetus
918 2456 958 2495 ἐν
975 2461 1109 2509 μυχοῖς·
1120 2457 1260 2510 ’χθονὸς
1271 2458 1610 2511 Obscurius-apud

171 2515 354 2553 correxit:
373 2515 497 2568 μυχιὶῖι
517 2514 637 2560 νησόν
655 2513 796 2567 ἱεράων.
823 2521 865 2552 ut
920 2518 1090 2556 AEschin.
1135 2520 1175 2556 in
1218 2521 1411 2560 Timarch.
1466 2537 1501 2573 p.
1545 2527 1609 2569 57.

174 2579 329 2617 Homer.
349 2579 395 2616 Il.
410 2579 463 2617 Δ.
486 2582 574 2617 152.
604 2576 723 2616 Ἔστι
759 2577 864 2618 πόλις
919 2581 1023 2634 φήμη
1042 2583 1112 2621 τόν
1127 2583 1265 2623 ἐσθλόν
1283 2584 1351 2622 κάν
1365 2591 1504 2639 μυχοῖς
1523 2587 1613 2625 δείκ-

173 2643 332 2696 Ἐφιὲρη,
367 2643 479 2697 μυχῷ
506 2641 672 2695 *Αργεος
700 2642 867 2693 ιπποβο·
922 2662 998 2683 νυσι
1015 2646 1083 2694 γῆς
1103 2646 1202 2684 Xen.
1222 2648 1347 2685 Anab.
1369 2661 1431 2686 1v.
1462 2663 1500 2699 p.
1520 2654 1611 2689 251.

176 2722 275 2744 τοιο.
304 2705 360 2745 D.
379 2706 428 2745 R.
465 2707 536 2756 Ep.
558 2706 623 2744 Cr.
643 2717 674 2743 1.
717 2720 755 2756 p.
778 2711 867 2746 102.
924 2714 971 2749 eis
984 2710 1054 2748 ταὶς·
1066 2711 1188 2759 κόμας·
1201 2713 1270 2751 τάς
1281 2711 1319 2751 ἐν
1331 2719 1411 2752 τοῖς·
1421 2713 1556 2762 ἄγκεσί
1567 2729 1610 2751 τε

178 2770 351 2822 AEschyl.
383 2769 426 2809 P.
451 2770 503 2809 V.
532 2774 623 2815 457.
667 2770 869 2824 Μύρμηκες·
924 2773 982 2811 καὶ
998 2772 1134 2828 μυχοῖς
1154 2776 1230 2814 τᾶν
1247 2774 1373 2829 ὀρέων.
1400 2776 1460 2813 Cf.
1472 2777 1615 2826 Theog.

178 2834 326 2891 ἄντρων
343 2837 383 2876 ἐν
399 2841 534 2891 μυχοῖς·
553 2835 725 2882 α’νηλῖοιο.
752 2835 867 2886 Soph.
928 2840 1015 2880 119.
1032 2843 1069 2875 et
1088 2837 1250 2887 Oppian.
1271 2838 1367 2889 Cyn.
1388 2851 1459 2892 ΠΙ,
1487 2843 1548 2877 12.
