1864 3132
959 216 1036 263 46.

254 318 384 367 'Ho'c
408 320 576 384 utique
612 321 662 368 ni
698 321 932 370 alicunde?
954 327 1159 381 constet,
1199 321 1380 371 frustra
1400 312 1715 388 prorflsusbiiyitl

274 395 362 443 Vir
405 396 478 443 Cl.
561 396 824 445 Enimvero
869 403 1012 447 natus
1055 405 1129 446 est
1173 397 1329 447 Varro
1385 415 1541 447 annos
1595 405 1715 456 ante

274 472 554 521 Lucretium
580 474 710 522 haud
733 491 931 539 paucos,
954 469 1070 525 ante
1089 475 1335 525 Catullum
1353 476 1512 524 adhuc
1533 475 1712 540 plures.

201 603 204 606 ,
274 550 420 609 Quod
447 557 501 597 ut
534 558 833 614 praestemus,
871 551 1015 601 liceat
1053 553 1162 601 data
1205 568 1396 601 sumere
1438 553 1498 599 de
1538 550 1716 620 quibus

171 782 235 819 20

272 625 400 673 inter
434 625 552 674 alios
588 628 828 676 convenit.
886 636 974 677 1⁸¹⁰.
1011 628 1255 678 Catullum
1294 645 1426 678 anno
1460 634 1575 676 ante
1611 625 1717 674 Sal-

271 702 484 761 lustium,
515 704 610 752 hoe
632 711 705 753 est
734 704 797 753 U.
808 705 879 754 C.
905 712 989 759 667
1021 713 1189 754 natum
1213 723 1350 755 esse:
1411 705 1495 755 2¹¹⁰.
1533 704 1716 754 Lucre-

271 779 393 837 tium
426 781 527 830 vita
559 782 781 831 functum
805 785 976 832 *anno
1007 795 1107 841 702,
1147 790 1292 831 aetate
1315 784 1530 849 integra,
1566 797 1716 845 quum
1795 819 1797 821 .

271 873 453 922 paucos
499 875 644 924 supra
688 862 1012 927 quadraginta
1056 877 1211 910 annos
1255 860 1575 926 implevisset.
1625 857 1716 906 sm.

273 934 544 984 Varronem
582 938 644 985 ad
682 938 844 1002 plures
879 938 1031 986 abiise
1075 954 1207 986 anno
1245 944 1343 990 726.
1414 936 1530 985 «Iam
1567 926 1718 1001 igitur

271 1029 454 1081 paucos
478 1014 611 1072 istos,
638 1030 771 1078 quos
784 1032 929 1080 supra
965 1016 1289 1081 quadraginta
1323 1014 1540 1078 implevit
1561 1026 1719 1060 annos

263 1088 546 1148 Lucretius,
572 1092 739 1140 demus
762 1092 910 1141 fuisse
934 1105 975 1142 5.
1034 1092 1166 1140 Hinc
1191 1097 1358 1139 natum
1379 1106 1493 1138 eum
1514 1079 1720 1141 habebi-

272 1179 379 1212 mus
419 1181 550 1213 anno
583 1174 682 1219 657.
766 1167 845 1216 De
883 1185 1015 1216 anno
1055 1184 1153 1232 quo
1193 1173 1335 1214 natus
1375 1152 1524 1214 fuerit
1562 1164 1720 1211 Varro

271 1255 404 1287 nunc
427 1241 791 1305 dispiciendum.
848 1243 958 1307 Ipse
998 1251 1160 1291 autem
1197 1244 1258 1291 de
1292 1259 1359 1301 se,
1394 1240 1538 1307 primi
1571 1241 1633 1287 de
1664 1253 1719 1286 re

270 1318 453 1366 rustica
475 1319 586 1367 libri
610 1320 764 1378 initio,
790 1321 898 1368 haec
921 1321 1082 1369 habet.
1123 1326 1155 1345 “
1171 1321 1346 1368 Annus
1370 1319 1499 1366 enim
1523 1322 1718 1380 octoge-

273 1400 306 1419 “
327 1395 484 1444 simus
507 1398 737 1446 admonet
767 1415 845 1446 me
869 1406 924 1449 ut
946 1399 1159 1449 sarcinas
1184 1398 1409 1463 colligam
1430 1403 1547 1446 ante
1571 1411 1718 1460 quam

274 1476 306 1496 “
329 1472 611 1536 proficiscar
642 1490 670 1521 e
694 1475 846 1525 vitass'
901 1476 1087 1524 Demus
1119 1476 1225 1541 jam
1260 1491 1372 1523 eum
1407 1490 1435 1522 e
1469 1474 1570 1525 vita
1607 1489 1720 1537 pro·
1741 1523 1754 1532 ,

273 1548 457 1598 fectum
503 1566 608 1597 esse
664 1551 780 1614 ipso
818 1551 899 1601 illo
943 1549 1257 1615 octogesimo,
1317 1565 1415 1613 quo
1451 1549 1557 1615 jam
1614 1553 1718 1596 tum

275 1625 534 1684 scribebat,
564 1644 711 1676 anno.
771 1628 894 1676 Inde
929 1635 1097 1676 natum
1135 1627 1421 1675 habebimus
1455 1642 1587 1674 anno
1617 1631 1720 1674 646·
1787 1626 1791 1627 ⁷

273 1704 369 1751 hoc
404 1712 477 1752 est
511 1712 627 1753 ante
663 1712 831 1754 natum
867 1706 1114 1754 Catullum
1138 1713 1261 1753 21¹¹10.
1296 1711 1412 1752 ante
1437 1702 1720 1752 Lucretium

278 1791 397 1831 11¹¹¹⁰.
457 1784 702 1832 Fraudem
738 1784 931 1832 videtur
973 1783 1146 1830 fecisse
1181 1774 1285 1829 virb
1327 1780 1400 1828 Cl.
1440 1781 1572 1843 quod
1605 1784 1721 1827 ante

276 1859 546 1923 Varronem
570 1860 746 1908 obierit
770 1859 1028 1908 Lueretius
1051 1875 1206 1907 annos
1230 1870 1302 1916 24,
1334 1854 1554 1906 Catullus
1577 1855 1690 1905 22³²

276 1945 350 1994 Pa
391 1983 400 1993 .
427 1958 498 1999 77.
534 1946 565 1993 l.
591 1946 676 1994 ult.

307 2039 311 2041 ·
342 1962 438 2071 {Til
458 2030 626 2072 autem
649 2021 826 2087 qfficiet
848 2024 1147 2088 temporibus
1169 2020 1482 2091 vicissitudo]
1549 2038 1554 2041 ’

331 2135 397 2171 32.
416 2133 574 2171 “Varro
589 2146 687 2172 anno
698 2134 973 2184 octuagessimo
1028 2135 1163 2172 Amor.
1193 2146 1265 2180 111,
1297 2133 1349 2179 ix,
1383 2131 1422 2170 6.
1466 2130 1609 2170 ‘Obvius
1640 2131 1724 2171 huic

276 2203 314 2235 et
327 2203 463 2235 octavo
483 2199 605 2237 aetatis
623 2211 700 2236 suae
720 2200 841 2236 adhuc
860 2199 973 2237 libros
1028 2200 1151 2238 venias
1197 2199 1327 2236 hedera
1366 2197 1548 2248 juvenilia
1584 2196 1725 2235 cinctus

275 2262 473 2309 scribebat,
501 2268 594 2301 teste
612 2262 733 2300 Plinio
751 2263 814 2300 lib.
837 2275 974 2301 xxm.
1028 2262 1302 2310 Temporacum
1312 2258 1440 2306 Calzo,
1452 2259 1556 2297 docte
1569 2257 1726 2305 Catulle,

266 2329 327 2367 iv.
369 2335 404 2367 et
438 2330 571 2368 obiisse
603 2329 763 2366 creditur
797 2329 848 2365 A.
862 2329 913 2366 U.
928 2328 974 2366 C.
1029 2330 1105 2362 tuo.
1135 2325 1266 2362 “unde
1277 2323 1581 2374 patetCatullum
1591 2324 1725 2364 obiisse

278 2392 531 2429 Dccxxvu!
534 2391 648 2429 ’oFo
624 2391 747 2442 gginz‘i
767 2391 907 2428 an.
927 2391 974 2428 ad
1021 2388 1212 2438 juvenem.
1203 2387 1406 2425 .—-Varro
1434 2386 1583 2438 quidem
1612 2386 1726 2425 tradit

263 2455 388 2494 verr.
410 2455 535 2494 Flacc.
554 2457 607 2494 V.
641 2456 895 2503 “Lucretius,
913 2468 976 2493 au·
1028 2450 1127 2499 apud
1146 2449 1337 2488 Censorin
1355 2450 1400 2487 de
1419 2449 1470 2487 D.
1483 2449 1534 2487 N.
1557 2461 1639 2510 cap.
1661 2452 1722 2486 14.

276 2522 330 2559 rei
347 2522 475 2560 saeculi
503 2522 673 2572 scriptor,
705 2522 795 2560 obiit
822 2534 864 2559 eo
893 2521 975 2571 ipso
1015 2514 1175 2563 jumne-⁹
1193 2525 1352 2563 usquam
1369 2513 1418 2550 ad
1448 2523 1552 2550 XLV·
1575 2523 1722 2550 annum

277 2583 336 2623 die
360 2596 432 2634 quo
457 2584 638 2635 Virgilius
669 2583 815 2622 virilem
847 2590 974 2634 togam
1028 2578 1145 2617 dictos
1165 2591 1243 2616 esse
1259 2580 1298 2617 :''
1313 2601 1368 2609 --
1387 2576 1543 2616 Schrad·
1562 2576 1722 2615 Emend.

276 2646 408 2693 induit,
416 2647 601 2697 Pompeio
613 2660 657 2684 ac
671 2647 810 2685 Crasso
822 2652 974 2698 utroque
1029 2655 1090 2693 pp.
1109 2646 1174 2690 43,
1189 2646 1254 2688 47.
1284 2640 1392 2680 Cous.
1406 2639 1561 2691 Taylor.
1574 2639 1620 2679 de
1633 2639 1724 2678 ΜΕ

278 2709 412 2747 iterum
431 2709 539 2748 Coss.
558 2711 608 2748 U.
625 2709 672 2747 C.
701 2708 817 2754 699.”
855 2708 975 2747 Naris
1029 2707 1156 2754 Civili,
1174 2721 1210 2758 p.
1229 2710 1321 2747 255.
1340 2705 1532 2756 Aristoph.
1553 2704 1723 2747 Acheru.

281 2773 329 2810 ad
359 2772 567 2822 Cenotaph.
598 2773 671 2810 Pis.
710 2784 748 2822 p.
766 2771 857 2810 468.
915 2772 975 2810 De
1029 2769 1119 2808 601.
1148 2776 1185 2808 et
1202 2770 1356 2811 Sallust.
1385 2767 1497 2809 catil.
1528 2772 1593 2814 49.
1623 2766 1722 2818 apud

282 2837 423 2879 Catulli
437 2839 540 2879 obitu
555 2838 686 2877 dubius
697 2837 839 2877 haereo:
860 2836 976 2877 Ovid.
1030 2835 1156 2876 Elmsl.
1176 2835 1224 2875 ad
1242 2835 1267 2875 l.
