1864 3132
905 180 1006 231 196

238 289 592 364 “[Inmwm]
627 288 771 362 quod*
792 299 923 362 apud
958 297 1345 348 AEonns-habuit
1367 297 1481 370 olim
1522 292 1558 350 β’
1583 300 1678 351 D1-

238 380 272 400 ‘·'
296 389 501 431 εΑΜΜΑ,
547 374 597 421 id
637 379 712 422 est
751 373 881 432 VAtJ,
927 374 995 423 ab*
1024 374 1180 439 ’ipsius
1225 391 1346 424 voce
1385 372 1684 440 profectum,¹

240 457 273 476 “
297 458 420 499 teste
445 450 665 499 Varrone
682 450 716 477 ¹³
750 458 801 500 et
824 450 1051 518 Didymo,
1090 453 1172 516 qui
1202 453 1250 502 id
1281 454 1327 502 ei
1359 470 1539 504 nomen
1569 463 1676 504 esse

237 625 275 669 et
305 641 372 680 pro
405 627 581 676 Orthena,
618 627 761 683 Orfena
774 645 790 675 ,·
835 629 932 683 quod

236 695 274 735 in
293 694 395 734 libris
413 694 576 747 vulgatis
596 694 737 747 Ofrena
757 696 932 735 mendose

237 762 420 812 scriptum
450 768 531 807 est;
576 766 614 800 et
643 760 800 800 Formiae
833 762 932 801 Latii

236 827 431 877 oppidum,
484 827 652 868 Hormioe
696 827 796 878 prius
841 827 934 867 olim

237 893 349 932 dictae
367 899 456 933 sunt
469 893 583 942 (Plin.
604 905 679 940 111,
697 898 766 945 v.).
804 893 934 944 Itaque

237 959 441 999 nescientes
467 952 720 998 inhaerentem*
740 958 874 998 litterae
905 957 936 996 C

239 1025 505 1074 aspirationem
529 1023 576 1062 H
600 1024 840 1075 pronunciare
869 1036 935 1074 pro

241 1087 392 1140 Chlorin
438 1089 568 1142 ‚dixere
620 1088 798 1127 Plorams·
873 1088 936 1127 Ad

239 1154 351 1193 Verr.
371 1154 400 1192 F
403 1153 495 1192 laec.
514 1166 575 1203 pp.
595 1158 662 1202 71,
682 1151 753 1192 2.*

242 1262 244 1264 ,
297 1223 359 1259 13.
386 1224 410 1243 “
429 1218 466 1256 V
503 1223 765 1256 consonantem*
790 1217 937 1256 eandem

239 1284 311 1322 vim
337 1288 373 1322 et
400 1296 526 1321 sonum
552 1282 719 1322 habuisse
747 1296 791 1321 ac
818 1282 935 1332 ipsam

242 1347 271 1391 Ρ
292 1347 478 1387 AEolicam
498 1359 618 1385 omnes
635 1352 833 1385 testantur.
861 1346 937 1384 Pa-

241 1417 297 1450 tet
330 1425 374 1450 ex
414 1413 584 1450 Varrone
626 1412 726 1462 apud
767 1411 936 1450 Gellium

243 1489 344 1523 xw,
376 1481 437 1522 17.
496 1483 506 1501 ⁴
527 1477 796 1517 VA'r1cAnus
831 1476 938 1515 Deus

240 1542 460 1589 nominatus,
515 1556 629 1596 penes
673 1556 777 1594 quem
820 1547 938 1581 essent

242 1609 342 1647 vocis
378 1608 539 1646 humana
566 1608 689 1647 initia.
757 1608 938 1653 Quoniam

237 1673 350 1725 pueri
369 1673 477 1711 simul
493 1678 603 1724 atque
620 1674 700 1712 nati
727 1675 840 1725 [parti
860 1675 937 1712 En.

246 1740 339 1795 PR.]
365 1746 464 1787 sunt,
485 1754 562 1779 eam
574 1741 734 1791 primum
759 1742 937 1792 [primam

246 1805 324 1843 En.
342 1804 434 1857 PR]
452 1812 573 1844 vocem
587 1805 709 1859 edunt,
727 1819 807 1856 quae
814 1806 939 1855 prima

244 1870 284 1912 in
301 1868 489 1907 Vaticano
506 1870 644 1919 syllaba
669 1875 723 1907 est
735 1884 751 1913 ;
786 1869 941 1907 idcirco-

245 1947 315 1987 que
359 1934 487 1984 vagire
525 1933 675 1980 dicitur,
719 1933 941 1984 exprimente

245 1997 353 2036 ¹verbo
370 2010 496 2036 sonum
512 1998 612 2037 vocis
630 1999 809 2036 recentis.’
845 1997 941 2035 Hoec

248 2061 373 2100 Varro
390 2076 398 2099 :
428 2062 462 2099 si
476 2075 564 2113 ergo
578 2061 702 2114 infans
715 2062 818 2100 modo
833 2067 942 2100 natus

247 2127 419 2178 exprimit
431 2127 603 2177 syllabam
618 2128 695 2165 VA
710 2143 719 2166 :
748 2141 791 2166 ea
804 2127 942 2178 syllaba

247 2193 401 2232 sonabat
436 2193 550 2232 WA:
596 2193 662 2232 hoc
697 2193 789 2231 enim
818 2193 855 2230 in
876 2205 942 2231 ans

249 2258 434 2308 exprimit,
451 2258 543 2296 illud
558 2258 747 2311 vulgatum
761 2271 822 2305 va,
836 2258 944 2308 pulso

249 2321 427 2374 inferiore
445 2321 561 2369 labro,
589 2334 654 2360 nec
672 2321 855 2372 exprimit,
880 2333 944 2359 nec

250 2392 327 2425 tum
364 2381 492 2436 potest
538 2387 773 2437 exprimere.”
827 2386 878 2427 R.
895 2386 941 2424 B.

251 2452 419 2488 Annaeus
435 2450 620 2488 Cornutus
635 2463 671 2500 p.
687 2455 807 2490 2282.
835 2456 858 2474 “
870 2449 943 2488 Est

250 2515 414 2566 quoedam
429 2514 538 2552 litera
555 2515 593 2551 in
613 2516 641 2552 F
661 2515 778 2553 literoe
790 2514 951 2565 speciem,

236 2579 429 2632 figurata,
476 2592 555 2630 quoe
592 2579 802 2630 Digamma
833 2580 946 2619 nomi-

251 2649 376 2691 natur,
401 2657 479 2694 qua:
506 2645 594 2683 duos
612 2646 735 2695 apices
753 2660 796 2684 ex
822 2647 945 2685 Gam-

253 2720 320 2747 ma
353 2707 463 2746 litera
499 2709 627 2746 habere
660 2709 817 2749 videtur.
879 2711 945 2749 Ad

252 2770 360 2821 hujus
393 2771 663 2814 similitudinem
694 2774 786 2822 soni,
824 2775 943 2814 nostri

984 631 1140 685 (Latini)
1176 635 1393 686 conjunctas
1426 634 1571 674 vocales
1605 633 1683 672 *Di-

986 711 1167 751 gammon
1192 700 1377 750 appellare
1392 700 1607 748 voluerunt,
1636 703 1680 737 ut

987 769 1043 802 est
1075 764 1233 812 Votum,
1269 764 1400 816 Virgo.
1471 764 1499 803 I
1499 770 1608 816 taque
1641 763 1682 802 in

983 828 1106 878 prima
1134 827 1273 877 syllaba
1309 828 1519 879 Digamma
1549 828 1612 878 (Ρ)
1645 831 1684 866 et

988 893 1148 931 vocalem
1182 894 1349 943 oportuit
1386 893 1488 943 poni,
1532 892 1683 940 Potum,

991 959 1020 997 F
1022 959 1125 1010 irgo;
1169 959 1266 1009 quod
1292 964 1330 997 et
1361 958 1474 998 AEolii
1490 957 1683 1011 fecerunt,

990 1028 1028 1061 et
1045 1022 1190 1074 antiqui
1206 1024 1325 1062 nostri
1336 1038 1349 1061 :
1377 1024 1476 1062 sicut
1495 1023 1683 1073 scriptura

990 1089 1031 1127 in
1073 1088 1285 1139 quibusdam
1329 1088 1459 1127 libellis
1505 1088 1685 1128 declarat.

990 1153 1103 1192 Hanc
1143 1153 1288 1191 literam
1322 1153 1516 1192 Terentius
1552 1153 1687 1200 varin,

991 1219 1074 1257 dum
1104 1216 1184 1255 vult
1214 1217 1478 1264 demonstrare,
1511 1217 1569 1255 ita
1598 1229 1686 1266 per*-

989 1283 1118 1322 scribit
1155 1283 1259 1322 UA:
1321 1283 1384 1334 qui
1419 1296 1508 1335 ergo
1541 1282 1582 1320 in
1615 1281 1684 1320 hac

990 1348 1128 1398 syllaba
1170 1347 1280 1398 (UA)
1322 1360 1432 1386 sonus
1475 1351 1544 1393 est,
1589 1346 1684 1384 idem

991 1414 1109 1452 literae
1136 1413 1241 1450 erit.’'
1297 1410 1406 1464 Confi
1437 1412 1583 1450 Bedam
1613 1409 1687 1450 col.

993 1482 1111 1518 2335.
1142 1476 1313 1529 Scah'ger
1330 1476 1374 1514 de
1387 1477 1531 1515 emend.
1551 1477 1686 1527 Temp.

992 1556 1029 1593 p.
1045 1540 1136 1587 726.
1169 1541 1376 1580 “AEolibus
1401 1547 1491 1580 nota
1516 1542 1564 1580 W
1591 1541 1688 1580 Teu-

992 1607 1105 1647 tonici
1138 1613 1230 1654 erat,
1276 1620 1320 1645 ac
1355 1608 1543 1656 Δίγαμμα
1575 1619 1689 1645 voca.-

992 1675 1115 1721 batur,
1148 1673 1246 1724 quod
1274 1673 1364 1723 ipsis
1390 1672 1561 1711 AEolibus
1589 1673 1686 1720 F,—

991 1738 1251 1777 formaretur.''
1300 1739 1387 1776 Ter.
1422 1737 1562 1776 Heaut.
1595 1749 1628 1785 1,
1659 1738 1688 1786 i,

992 1806 1057 1847 49.
1120 1801 1316 1848 Tractare,
1365 1805 1422 1838 set
1465 1801 1504 1839 vi
1546 1806 1584 1839 et
1625 1801 1689 1840 via

990 1865 1211 1916 pervolgata
1246 1870 1423 1915 patrum:
1479 1871 1502 1889 “
1519 1865 1557 1904 V
1553 1866 1592 1904 ia
1626 1866 1688 1905 hie

994 1929 1282 1982 monosyllabon
1306 1935 1375 1978 est,
1401 1930 1501 1968 idem
1520 1936 1560 1969 et
1579 1944 1690 1982 sensu

995 2002 1033 2034 et
1073 2007 1179 2043 sono,
1226 1995 1324 2045 quod
1354 2000 1539 2034 *nostrum
1572 1994 1691 2047 *We-y.

996 2061 1034 2099 V
1066 2061 1166 2098 enim
1202 2061 1300 2110 apud
1328 2060 1500 2112 antiquos
1530 2067 1573 2100 ut
1604 2075 1692 2101 noe-

995 2129 1096 2162 trum
1126 2123 1172 2161 W
1201 2125 1526 2173 pronunciabatur.
1575 2125 1638 2164 Sic
1653 2132 1692 2164 et

998 2189 1143 2231 Hec.,1.
1160 2189 1184 2227 i.
1207 2188 1268 2228 16.
1318 2190 1400 2228 Aut
1423 2204 1496 2241 qua
1519 2191 1584 2229 via
1605 2204 1693 2242 cap-

997 2257 1075 2290 tent
1112 2257 1149 2290 te
1179 2252 1249 2300 illi,
1285 2253 1407 2291 eadem
1438 2254 1538 2304 ipsos
1570 2255 1693 2305 capi.’'

1000 2315 1050 2354 R.
1064 2315 1111 2353 Β.
1143 2316 1264 2363 3,(1,1.;
1310 2317 1410 2356 conf:
1436 2318 1486 2357 ad
1518 2331 1557 2357 v.
1585 2317 1692 2359 Ροῖα.

1000 2381 1131 2419 Cicero
1151 2382 1322 2422 Divinat.
1340 2395 1395 2430 11,
1412 2387 1476 2421 40.
1524 2382 1614 2424 Cmu
1629 2382 1692 2422 M.

999 2445 1156 2484 Crassus
1185 2448 1382 2486 exercitum
1410 2448 1602 2486 Brundisii
1626 2449 1691 2486 im-

991 2518 1148 2563 poneret
1159 2528 1174 2557 ;
1213 2513 1359 2564 quidam
1375 2514 1413 2551 in
1425 2513 1578 2564 porticu
1595 2513 1692 2552 cari·

997 2591 1061 2616 cas
1117 2577 1243 2617 Cauno
1297 2579 1469 2617 advectas
1523 2579 1691 2627 vendens,

1000 2643 1214 2683 CAUNEAS
1249 2644 1574 2683 clamitabat.—“
1592 2644 1691 2684 Cau·

996 2722 1096 2756 neas,
1132 2722 1220 2748 care
1255 2723 1300 2748 ne
1333 2722 1417 2748 eas:
1471 2722 1559 2760 ergo
1590 2722 1688 2749 cawe

997 2775 1187 2813 sonabat.”
1221 2774 1271 2814 R.
1289 2773 1366 2818 Β.,·
1435 2780 1471 2813 et
1508 2774 1703 2822 Davisiu&
