1864 3132
929 205 1036 262 ,296

268 320 434 377 tabat;
466 325 643 383 *atque
680 318 797 366 hinc
837 318 1020 367 factum
1060 324 1150 378 est,
1186 325 1241 367 ut
1278 317 1481 383 palustri
1519 317 1710 366 cuidam

266 398 376 447 loco
411 413 590 445 nomen
637 396 780 445 Velice
816 397 980 446 laatini
1005 398 1282 456 indiderint,
1322 398 1402 445 uti·
1420 396 1710 461 Dionysium

267 474 747 523 Halicarnassensem
774 491 922 539 supra
940 476 1194 524 docentem
1223 475 1297 542 [p.
1318 472 1450 541 203]
1486 469 1709 524 vidimus.

151 547 244 597 164
270 552 394 599 Cum
419 559 582 600 autem
599 553 787 617 paludis
819 569 1023 602 coenum
1056 555 1118 601 sit-
1136 554 1357 602 'maxime
1396 558 1424 586 ²¹²
1444 552 1711 617 proprium,

268 629 472 677 verbum
489 639 767 694 προσννελειν
788 647 819 678 a
841 640 979 681 ννελος
1002 632 1264 680 confictum
1290 632 1413 679 nihil
1431 632 1594 695 aptius
1615 630 1712 695 sig-

269 708 470 757 nificare
494 709 654 774 potuit
678 727 823 775 quam
848 728 995 760 coeno
1020 726 1348 775 conspergere
1363 731 1386 767 ;
1407 706 1466 758 h.
1487 727 1529 758 e.
1554 707 1713 757 modis

267 788 634 853 indignissimis
673 790 910 854 excipere.
1001 791 1045 840 A
1083 791 1281 855 propria
1321 790 1522 838 notione
1564 804 1710 852 quam

266 868 466 915 minime
499 868 703 918 discedit
733 869 1031 927 Scholiastae,
1058 867 1323 933 ‘Hesychii,
1365 874 1414 914 et
1444 865 1607 914 Suidae
1638 864 1714 912 in-

268 949 701 1008 terpretamentum
733 945 1094 1011 προπηλακιζειν.
1166 943 1480 992 Translatam
1516 939 1716 989 exhibet

269 1018 551 1088 Etymologi
596 1021 805 1087 ιῖβριζειν.
897 1023 1042 1087 Apud
1086 1023 1219 1069 hunc
1261 1036 1409 1085 porro
1454 1035 1599 1067 verae*
1628 1018 1716 1082 po-

265 1101 456 1148 testatis
494 1102 769 1150 indubitata
808 1108 982 1150 extant
1017 1101 1225 1166 vestigia
1256 1101 1309 1148 in
1348 1098 1591 1162 scriptura
1620 1097 1716 1144 ista

268 1187 686 1227 ΠΡΟΣΟΥΛΛΕΙΝ.
760 1179 964 1243 Scripsit
1005 1179 1190 1244 utique,
1235 1178 1317 1226 vix
1351 1175 1537 1234 dubito,
1578 1184 1715 1224 ΠΡΟ-

269 1263 570 1310 ΣΟΥΕΛΕΙΝ,
618 1262 672 1304 ut
709 1272 881 1304 sonum
928 1263 1208 1320 προσννελειν
1238 1252 1552 1318 designaret3
1612 1266 1712 1299 non

270 1348 410 1380 secus
433 1339 582 1396 atque
607 1333 875 1398 Dionysius
897 1332 1157 1380 Halicarn.
1180 1346 1358 1379 nomen
1393 1337 1574 1387 VELIA,
1595 1327 1643 1375 h.
1669 1343 1711 1375 e.

269 1421 461 1469 WELIA,
483 1411 643 1458 forma
667 1419 879 1457 OYEAIA
911 1408 1122 1457 donavit.
1705 1412 1715 1418 ·

360 1498 832 1584 Frequentissimum
877 1496 1189 1546 consonantis
1236 1496 1344 1544 Vau
1383 1511 1553 1544 usum
1566 1493 1716 1543 fuisse

271 1576 567 1624 credendum
604 1582 693 1633 est,
731 1581 785 1623 ut
819 1575 870 1623 in
906 1574 1074 1622 mediis
1109 1574 1270 1622 verbis
1294 1574 1600 1638 importunus
1628 1588 1714 1621 vo·
1764 1584 1770 1629 j

272 1654 447 1702 calium
494 1670 760 1702 concursus
804 1653 1052 1700 vitaretur.
1142 1651 1273 1698 Situs
1319 1658 1482 1699 autem
1529 1651 1570 1698 is
1610 1655 1718 1700 erat

270 1731 558 1789 rarissimus,
601 1747 698 1796 quo
730 1729 1111 1777 consonantibus
1140 1726 1164 1776 δ
1193 1735 1243 1776 et
1265 1752 1284 1780 ς
1309 1729 1714 1795 subJungebatur,

269 1809 342 1856 uti
381 1809 431 1856 in
470 1809 630 1858 verbis
677 1806 866 1866 δννεινος,
914 1805 1046 1864 δννην,
1093 1827 1281 1866 σιναινω,
1325 1807 1557 1864 ‹rwevw;9²
1614 1820 1715 1852 non

269 1902 408 1935 secus
432 1893 581 1949 atque
606 1886 814 1951 Anglice
839 1886 1095 1933 scribimus
1123 1885 1266 1932 dwell
1293 1891 1343 1932 et
1370 1883 1540 1932 swain.
1611 1881 1716 1930 Ho-

269 1978 377 2011 rum
436 1979 583 2010 unam
643 1962 872 2010 familiam
933 1978 1046 2010 mox
1091 1960 1415 2010 exhibendam
1472 1960 1547 2024 [p.
1587 1956 1713 2023 167ss]

271 2057 435 2089 sumus
467 2042 695 2090 curaturi.

362 2131 542 2188 ATQUE
581 2132 688 2180 haec
726 2130 919 2197 quidem
955 2131 1005 2179 in
1042 2146 1258 2195 praesens
1297 2129 1472 2177 dixisse
1511 2126 1717 2175 sufficiat

271 2209 332 2257 de
365 2215 606 2271 potestate
640 2209 954 2272 prosoediaca
989 2207 1302 2255 consonantis
1338 2206 1446 2253 Vau
1483 2220 1593 2252 cum
1622 2209 1719 2251 cas-³

270 2285 386 2332 teris
427 2286 726 2350 simplicibus
761 2285 1037 2334 communi:
1100 2285 1317 2332 Alteram
1354 2299 1503 2347 porro
1539 2283 1585 2330 ei
1621 2281 1717 2330 vir-

270 2352 425 2412 tutem
464 2365 623 2415 inesse
663 2366 897 2423 videmus,
940 2381 1083 2444 quam
1119 2370 1405 2414 caeterarum
1443 2346 1719 2410 consonanss

270 2443 390 2490 tium
437 2443 571 2491 nulla
610 2445 776 2492 itidem
818 2443 1028 2492 sortitur.
1125 2443 1198 2491 Ea
1238 2450 1401 2491 autem
1445 2441 1715 2508 cujusmodi

103 2582 105 2585 ι
271 2519 348 2576 sit,
390 2519 610 2582 exempla
634 2519 1018 2567 commodissime
1047 2518 1306 2566 docebunt.
1380 2518 1717 2566 Observarunt

142 2599 232 2650 165
271 2594 473 2644 Homeri
514 2596 739 2653 editores,
788 2596 919 2659 quod
965 2602 1016 2643 et
1054 2595 1135 2643 vix
1181 2610 1456 2660 quenquam
1507 2594 1715 2660 *latere

272 2673 447 2738 potuit,
472 2674 725 2724 verborum
750 2681 854 2731 λυω,
887 2696 985 2731 τιω,
1018 2679 1067 2720 et
1091 2672 1314 2721 similium
1336 2671 1544 2737 priorem
1572 2670 1715 2721 modo

707 2822 772 2863 92.
808 2817 917 2855 Conf.
939 2830 1051 2868 supra
1068 2817 1114 2855 ad
1134 2830 1169 2868 p.
1193 2821 1281 2862 199.
