1864 3132
1005 194 1075 242 64

884 317 1108 358 ΣΤΡΟΦΗ
1135 335 1175 368 γ.

499 411 786 462 Χαμαιπετες
806 402 831 453 3
853 429 910 472 αρ
932 430 1036 460 επος
1064 431 1139 457 ουκ
1161 412 1385 474 απεριψεν
1407 409 1557 458 civ-rou·

499 492 656 536 Μενων
677 483 702 534 δ
723 486 747 534 ὁ
768 490 881 537 oecos
900 511 1007 555 ανηρ
1031 512 1197 555 πριατο
1219 512 1298 546 μεν
1322 493 1450 539 θανα-

630 586 728 613 τοιο
750 562 925 621 κομιδαν
947 584 1156 632 vav-epae·
1197 564 1290 616 εδο·

494 664 599 699 κησε
623 638 668 690 δε
692 664 781 690 των
804 650 946 691 παλαι
968 665 1105 706 ’γενεᾳ
1128 644 1450 709 ὁπλοτεροισιν,
1694 657 1754 694 40

630 722 783 784 ΕρὙον
807 727 1024 786 πελωριον
1047 728 1252 777 τελεσας,

495 803 682 850 Υπατος
706 805 824 865 αμφι
851 821 1050 848 τοκευσιν
1073 822 1208 855 εμμεν
1229 820 1341 864 προς
1364 821 1541 865 αρεταν.

771 880 839 924 Τα
861 898 939 934 μεν
962 876 1175 941 παρῆκεν

623 958 723 1002 Των
747 976 817 1002 νυν
839 951 886 1002 δε
910 976 980 1002 και
1005 955 1324 1019 Θρασυβουλος

376 420 427 1087 ῬΕὉἯΦΕᾸΡΘΟΨΓ

530 1037 756 1097 Πατρῳαν
775 1039 978 1088 μαλιστα
1003 1037 1115 1097 προς*
1132 1036 1335 1090 σταθμαν
1357 1032 1463 1094 εβα,
1693 1042 1750 1080 45

814 1164 1173 1204 ΑΝΤΙΣΤΡΟΦΗ
1200 1182 1238 1214 γ.

382 1266 421 1302 1.
529 1257 715 1318 Πατρωι
738 1274 770 1300 τ
790 1275 1081 1318 επερχομενος
1105 1258 1303 1316 αὙλαῖαν
1323 1250 1499 1315 εδειξεν.

376 1344 420 1381 2.
490 1336 595 1394 Νοῳ
618 1328 664 1380 δε
683 1339 884 1379 πλουτου
905 1353 1025 1394 wyse,
1054 1354 1137 1379 ουτ
1159 1327 1305 1378 αδικον
1326 1333 1404 1378 ουθ
1424 1329 1559 1395 ὑπερ-

377 1422 420 1459 3.
691 1409 836 1458 ὁπλον
857 1409 975 1470 ἥβαν
995 1406 1178 1474 Spem-mv,
1210 1414 1345 1474 σοφι-

308 1539 474 1584 Irritum
495 1547 632 1581 autem
650 1539 823 1580 verbum
841 1551 927 1578 nou
947 1533 1084 1577 emisit
1101 1550 1208 1578 a—se:
1235 1536 1310 1578 sed
1321 1550 1569 1592 permanens
1587 1534 1748 1579 divinus

305 1617 375 1660 ille
405 1616 464 1660 vir
490 1615 664 1658 redemit
692 1622 825 1656 morte
853 1628 928 1655 sua
959 1611 1135 1655 salutem
1164 1611 1318 1669 patris:
1349 1611 1542 1670 visusque
1563 1620 1626 1656 est
1647 1620 1747 1656 natu

297 1695 549 1753 junioribus,
573 1693 755 1736 facinore
778 1691 944 1749 ingente
971 1690 1137 1741 effecto,
1169 1698 1353 1734 veterum
1373 1706 1593 1747 supremus
1617 1689 1744 1735 fuisse

303 1773 452 1816 virtute
475 1788 573 1828 erga
598 1778 803 1828 parentes.
859 1767 969 1810 Haec
994 1767 1163 1824 quidem
1185 1767 1559 1810 olim-facta·sunt.
1608 1767 1670 1810 At
1691 1783 1745 1812 ex

301 1849 350 1892 iis
375 1849 445 1907 qui
473 1864 585 1892 nunc
617 1855 711 1889 sunt
740 1845 864 1888 etiam
898 1842 1188 1898 Thrasybulus
1224 1852 1440 1900 paternam
1474 1843 1655 1887 maxime
1690 1845 1744 1889 ad

247 1937 250 1940 “
302 1942 490 1970 normam
519 1923 687 1976 incedit,
722 1930 955 1979 patruoque
985 1919 1447 1968 ad—auxilium-veniens
1478 1922 1744 1978 splendorem

302 2003 494 2049 ostendit.
551 1999 777 2044 Prudentia
803 2007 942 2041 autem
967 1996 1125 2039 divitias
1152 1997 1256 2054 regit
1284 2014 1421 2055 neque
1444 1997 1640 2056 injustam
1663 2013 1743 2041 nec

290 2084 547 2130 insolentem
570 2083 833 2137 pubertatem
857 2079 1101 2134 decerpens,
1133 2078 1206 2122 sed
1229 2076 1473 2134 sapientiam
1503 2077 1547 2120 in
1569 2075 1743 2123 recessi-

355 2212 420 2255 37,
442 2212 477 2246 8·
523 2206 641 2244 αὖτῡῦ
684 2205 790 2242 GOtt·
829 2202 994 2252 Guelph·
1048 2209 1249 2248 intromisit
1286 2192 1386 2248 enim
1423 2209 1586 2257 denotat,
1632 2215 1743 2261 atque

302 2275 390 2314 Ald.
419 2271 534 2321 μένων
553 2271 592 2310 δὲ
610 2271 718 2308 Offae
740 2269 846 2307 Gott.
874 2267 994 2305 αὐτοῦ
1046 2275 1176 2312 eadem
1185 2278 1243 2311 est
1256 2286 1339 2324 quae
1357 2279 1523 2327 παρεῖκε,
1538 2276 1742 2327 avt-apium.

299 2339 414 2389 μένων
432 2338 462 2377 δ’
480 2341 503 2375 o‘
522 2338 570 2377 Θ.
600 2335 782 2386 Heynius-
804 2334 893 2371 Eur·
913 2334 993 2370 An·
1046 2336 1142 2375 Vide
1161 2336 1339 2375 Herodot.
1365 2349 1438 2384 111,
1468 2341 1533 2382 77.
1570 2349 1631 2385 IV,
1653 2336 1742 2377 146.

299 2404 418 2441 drom.
445 2402 538 2445 955.
578 2398 697 2436 αὐτοῦ
714 2402 829 2445 μενεῖς·
848 2397 991 2435 Alcest.
1045 2404 1114 2437 ebe.

298 2471 391 2512 491.
432 2464 511 2502 Ion.
533 2467 649 2502 1038.
686 2462 767 2502 αὖθι
798 2463 914 2512 μένων
946 2463 991 2502 Il.
1099 2463 1164 2502 46.
1193 2467 1350 2519 πατρωΐ
1380 2465 1417 2504 τ’
1446 2467 1533 2520 ἐρχ.
1577 2466 1662 2504 Par.
1693 2467 1741 2505 B.

299 2531 349 2577 A,
378 2532 469 2573 492.
499 2527 540 2573 Γ,
560 2530 651 2570 291.
681 2524 873 2564 Boeclcius.
1046 2527 1182 2581 πάτρῳ
1218 2528 1254 2566 τ’
1281 2528 1419 2584 ἐπερχ.
1466 2529 1673 2567 Hermann.
1701 2536 1740 2569 et

352 2596 416 2639 39,
436 2595 500 2629 40.
527 2589 685 2635 ἐδόκησε
704 2590 782 2627 ταῖν
800 2589 890 2627 Ald.
910 2586 991 2627 ἐδό-
1045 2591 1249 2638 Boeckius;
1289 2590 1425 2645 ἔδειξεν
1459 2590 1617 2630 ἅπασαν
1652 2597 1738 2630 ante

299 2672 390 2703 κησε
425 2671 470 2693 τε
490 2655 567 2692 τῶν
587 2654 705 2692 MSS.
735 2653 988 2698 Hermannus.
1046 2655 1306 2704 Schmidium;
1330 2655 1368 2695 ἅ.
1385 2654 1561 2696 omittunt
1577 2655 1664 2695 Par.
1678 2655 1738 2703 B„

352 2724 417 2759 41.
446 2716 632 2756 τελέσσας
647 2722 684 2755 et
696 2716 857 2757 τελέσας
869 2718 988 2756 MSS.
1040 2725 1081 2760 et
1097 2719 1223 2760 Schol.
1623 2721 1625 2723 ,

352 2787 417 2823 43.
445 2782 611 2837 παρῆκεν
629 2781 800 2822 Reiskius
818 2798 829 2829 ;
863 2782 988 2823 male:
