1786 3178
681 269 957 303 PRAEFArio.
1439 247 1533 295 xvii

98 367 192 415 tius
209 366 368 432 gratia
382 381 488 414 cum
503 365 784 414 Aristarcho
799 364 1191 431 cantabrigiensi
1205 369 1450 411 strenuam
1469 377 1531 408 eo

96 473 251 522 usque
274 463 420 505 navat
440 471 651 520 operam,
674 462 745 513 ut,
767 471 887 519 quos
909 455 1124 503 viventes
1145 468 1295 517 prava
1315 451 1527 516 partium

97 541 255 589 studia
298 542 483 589 divorse
520 542 873 597 abstraxerant,
915 539 966 586 in
1004 539 1274 587 litterarum
1313 551 1527 584 commu-

97 629 244 676 nione
265 629 461 676 tandem
483 627 603 675 fiant
626 627 905 675 concordes,
971 625 1236 673 Ponsonus
1260 623 1420 680 etiam,
1445 621 1528 686 qui

97 714 321 762 Bentleio
343 715 490 762 unico
512 714 667 762 fasces
701 711 952 769 submittit,
994 709 1229 758 Dawesz'o
1260 724 1349 756 suo
1384 722 1528 771 opem

95 802 426 866 auxiliumque
473 801 715 858 contulit3
773 799 1101 848 additamenta
1145 813 1207 844 ex
1251 795 1529 859 exemplari,

99 887 230 951 quod
274 886 390 934 mihi
441 884 675 934 benevole
729 883 940 940 donavit,
997 881 1237 943 descripta
1280 880 1377 927 suis
1413 879 1532 926 locis

98 972 281 1039 adjeci:
317 971 558 1019 accedunt
595 976 646 1017 et
684 969 898 1034 ejusdem
933 967 1041 1025 alia,
1081 967 1219 1030 quasi
1253 966 1531 1030 praesidium

98 1066 149 1108 et
170 1064 508 1107 ornamentum
531 1054 780 1113 Dawesio,
814 1070 1018 1119 quorum
1049 1053 1289 1117 inspectio
1311 1053 1542 1100 humani--

99 1151 199 1193 tate
221 1145 310 1194 viri
330 1144 604 1192 amicissimi
629 1142 745 1191 mihi
767 1143 1002 1192 cedebat:
1046 1141 1082 1190 J
1086 1141 1300 1190 uveniles
1322 1142 1534 1205 plerum·

100 1246 196 1295 que
216 1238 362 1288 notae,
387 1231 471 1278 sed
494 1230 722 1279 Ponsom
736 1228 949 1295 juveniS,
984 1245 1103 1295 quas
1126 1230 1396 1287 extuderat,
1420 1230 1534 1287 dum

98 1318 408 1366 accrescebat
448 1317 609 1380 potius
651 1332 795 1381 quam
841 1317 1002 1366 adhuc
1035 1317 1312 1366 adoleverat
1351 1317 1534 1382 lingum

102 1406 290 1465 notitia.
716 1404 719 1408 ’

170 1488 314 1548 Quod
346 1491 408 1537 ad
438 1492 623 1539 reculas
663 1509 794 1540 meas
830 1493 1021 1550 attinet,
1057 1494 1226 1556 paucis
1265 1492 1532 1556 expediam.

104 1575 384 1624 Scribebam
431 1592 530 1623 non
569 1578 774 1623 docendi
821 1578 994 1634 studio,
1041 1580 1125 1625 sed
1162 1579 1381 1642 promissi
1425 1593 1537 1625 reus

103 1661 276 1723 factus,
299 1661 430 1723 quod
452 1661 660 1719 demum,
685 1668 933 1724 utcunque
957 1663 1110 1724 potui,
1136 1664 1301 1711 sedulo
1317 1664 1535 1727 praestiti.

104 1748 158 1797 Si
177 1748 307 1796 binae
329 1748 567 1795 sectiones
585 1755 634 1795 et
652 1749 914 1811 Appendix
932 1751 992 1796 ad
1012 1749 1301 1799 Dawesium
1324 1768 1538 1800 seorsum

104 1837 386 1902 prodierint,
424 1852 523 1883 non
554 1836 604 1883 id
633 1836 966 1900 negligentiae,
1006 1838 1089 1884 sed
1112 1838 1409 1900 perturbatae
1442 1845 1542 1886 stu-

105 1924 291 1972 diorum
315 1939 530 1971 meorum
554 1929 753 1986 propter
775 1939 877 1970 rem
915 1924 1044 1970 domi
1081 1931 1338 1990 angustam
1364 1926 1540 1973 rationi

104 2011 416 2059 tribuendum
439 2017 594 2067 esset;
631 2016 682 2056 et
717 2010 996 2074 quicunque
1031 2018 1214 2058 norunt
1237 2028 1380 2075 quam
1406 2001 1541 2075 aegro

105 2107 225 2148 tunc
248 2115 418 2156 essem,
442 2114 541 2145 non
564 2113 786 2160 corpore,-
818 2099 900 2146 sed
925 2099 1102 2157 animo,
1133 2100 1274 2147 facile
1298 2102 1542 2149 condona-

108 2184 280 2233 verint.
374 2182 545 2230 Multis
592 2189 641 2229 et
691 2184 880 2248 magnis
925 2185 1052 2231 curis
1100 2186 1308 2232 distento
1354 2185 1542 2232 animus

109 2268 410 2326 concidebat,
433 2266 658 2331 torpebat
682 2285 851 2316 manus
873 2289 885 2327 ς
921 2270 1000 2317 illa
1024 2271 1166 2319 bonae
1193 2273 1365 2319 mentis
1391 2288 1542 2330 soror,

112 2363 162 2405 et
185 2356 358 2418 saepius
381 2355 740 2402 contubernalis
780 2357 993 2421 cogitata
1026 2358 1306 2420 perficiendi
1340 2360 1543 2425 disjecit,

111 2439 337 2507 inquam?
359 2457 422 2487 an
440 2441 597 2503 potius
615 2443 862 2490 consilium
883 2444 1175 2508 disperdidit.
1213 2446 1544 2494 Nihilominus

113 2529 438 2581 hortatoribus
461 2529 624 2576 amicis
646 2530 807 2587 telam,
849 2547 992 2594 quam
1034 2548 1230 2579 exorsus
1271 2548 1390 2590 sum,
1434 2548 1545 2596 per-

114 2625 281 2666 texere
306 2615 524 2664 sustinui.
586 2616 783 2664 Initium
823 2634 853 2663 a
893 2619 1061 2682 quinta
1101 2619 1329 2676 sectione,
1372 2626 1545 2683 utpote

115 2705 179 2752 ad
217 2705 486 2752 Atticarum
531 2718 761 2750 venerum
804 2704 1130 2751 salubritatem
1164 2703 1376 2767 perutili,
1418 2705 1546 2770 jam-

116 2792 300 2855 pridem
339 2791 582 2847 feceram;
637 2798 686 2838 et
724 2808 832 2839 mea
871 2792 1076 2854 proinde
1118 2794 1547 2858 quantulacunque

117 2877 180 2925 ad
217 2875 506 2941 typographi
539 2890 679 2922 usum
713 2877 1075 2939 exscripseram.
1165 2877 1263 2925 Sed
1300 2894 1407 2926 cum
1443 2881 1547 2929 aliis

826 2967 852 2997 c
