1864 3132
867 181 935 230 6⁷

180 285 444 334 editoribus
467 285 662 334 Oxonn.
695 284 768 333 nil
801 285 931 333 intra
964 283 1100 332 duri³
1124 282 1230 332 fuit.
1289 281 1458 331 Minus
1479 288 1613 330 recte

182 363 362 411 habere
408 363 722 411 ditrochaeum
769 383 841 411 νας
883 383 1179 428 στραταρχον
1225 360 1331 426 jam
1387 358 1608 406 diximus.

180 440 403 488 Alterum
443 441 586 489 etiam
621 439 739 487 illud
780 454 890 486 cum
931 439 1196 487 editoribus
1234 437 1428 486 Oxonn.
1481 452 1611 484 com-

180 517 392 564 muniter
424 517 645 581 peccavit
677 516 750 565 vir
783 517 1021 574 eruditus,
1038 517 1187 579 —quod
1219 514 1400 563 ultimae
1434 513 1612 578 prioris

176 601 318 641 κωλου
339 593 536 658 syllabae
559 608 758 641 securus
780 591 941 640 fuerit.
979 591 1088 642 Nos
1108 593 1356 656 epitritum
1382 597 1608 654 quartum

176 671 227 717 in
256 677 394 718 κωλου
427 670 626 719 alterius
661 670 814 728 initio,
851 670 1094 735 dactylum
1128 676 1291 717 autem
1325 668 1523 716 alterius
1556 668 1607 715 in

175 750 273 798 fine
296 765 395 797 uno
419 750 620 814 negotio
643 749 1032 797 constituendum
1056 746 1356 795 curavimus:

595 848 624 876 *
638 848 987 912 (ςνικ,()ιμ,ζῇοο-ι-ιιῖιι’ι
1011 852 1110 907 ἄνᾶ-

375 917 538 975 Mazuca}
558 929 698 990 ἆρχὸν
726 927 948 972 Αιθιοπων
973 930 1264 980 Μεμνονα-

172 1022 392 1072 Eandem
427 1023 567 1071 metri
602 1024 840 1072 rationem
876 1023 1101 1082 servabit,
1151 1024 1234 1087 qui
1270 1023 1405 1089 leget
1442 1046 1609 1089 εναριμ-

171 1103 342 1167 βροτον
377 1124 415 1164 ’γ
449 1125 545 1173 qva.
597 1110 746 1167 atque
785 1104 853 1151 ita
891 1103 1086 1167 quidem
1125 1119 1216 1167 per
1261 1119 1337 1150 me
1379 1102 1606 1167 cuiquam

170 1181 336 1248 legere
359 1183 537 1231 licebit.
590 1183 837 1232 Caeterum
860 1199 955 1232 vox
977 1204 1287 1248 στραταρχον,
1313 1196 1423 1245 quae
1448 1187 1608 1230 tantas

170 1258 336 1328 turbas
359 1259 506 1319 dedit,
530 1259 720 1309 videtur
741 1261 838 1308 huc
860 1260 1111 1325 irrepsisse
1136 1276 1196 1308 ex
1220 1259 1386 1307 Isthm.
1413 1257 1471 1306 V.
1491 1269 1563 1308 50.

372 1363 459 1407 Κω
483 1369 854 1409 ΣΤΡΑΤΑΡΧΟΝ
885 1367 1158 1407 ΑιθιοΠΩΝ
1187 1359 1369 1424 αφοβον

371 1447 667 1486 MEMNONA

170 1535 269 1583 Sed
291 1534 354 1582 ad
374 1533 469 1583 alia
492 1549 623 1582 nunc
646 1533 953 1598 pergendum
975 1539 1062 1582 est.

235 1643 312 1691 V.
344 1657 379 1692 1.
452 1681 456 1686 .
559 1637 846 1707 ἑλικωπιδος]
922 1641 1085 1690 Verba
1147 1644 1277 1707 apud
1336 1644 1604 1695 Homerum

166 1721 344 1785 passim
389 1719 714 1777 occurrentia,
771 1717 843 1765 uti
880 1718 1024 1766 hodie
1070 1720 1214 1767 moris
1259 1728 1332 1769 est
1374 1722 1604 1782 scribere,

161 1798 336 1859 ἑλικωψ
381 1802 432 1844 et
474 1795 701 1844 ιέλιιαινιης·5
747 1800 1029 1842 constanter
1072 1803 1269 1844 vertunt
1312 1797 1604 1862 interpretes

162 1868 785 1939 nigros-habens·ocul08.⁶
855 1871 1128 1932 Quamnam
1168 1874 1201 1921 ii
1236 1874 1326 1922 sibi
1373 1875 1604 1924 finxerint

163 1953 336 2000 horum
392 1951 651 2000 verborum
708 1949 965 2016 originem,
1033 1950 1256 2014 equidem
1316 1954 1614 2017 neutiquam,

160 2031 378 2079 divinare
402 2046 617 2095 possum.
687 2028 760 2076 Ea
794 2028 854 2075 de
890 2043 943 2075 re
978 2027 1068 2093 ipsi
1102 2028 1323 2078 viderint.
1396 2031 1598 2080 Interim

162 2122 278 2155 vero
318 2112 620 2170 compertum
660 2103 828 2152 videor
873 2103 1055 2153 habere
1099 2121 1384 2173 germanam
1429 2124 1597 2157 eorum

213 2243 251 2277 3.
281 2236 375 2276 Hor.
393 2237 512 2288 Epist.
530 2249 582 2277 11.
599 2237 624 2286 i,
642 2241 706 2276 31.
961 2234 998 2274 6.
1030 2237 1200 2276 Fortasse
1211 2239 1452 2287 ex·H0ratio;
1467 2242 1598 2282 carm.

184 2342 187 2344 ,
212 2307 250 2340 4.
278 2302 561 2358 ἐναριμβράτων
585 2302 670 2340 Par.
689 2302 735 2339 B.
752 2301 851 2351 apud
909 2313 940 2348 1,
969 2302 1091 2348 xxxii,
1124 2308 1184 2340 11.
1231 2302 1284 2340 Et
1314 2303 1455 2354 Lycum
1484 2307 1598 2357 nigris

160 2369 315 2408 Boeck.:
345 2367 409 2405 sed
421 2365 598 2415 α’μμείναο
613 2367 725 2404 Rom.
740 2367 848 2406 Gott.
903 2365 1032 2412 oculis,
1066 2365 1241 2416 nigroque
1276 2365 1387 2407 Crine
1431 2369 1598 2408 decorum

159 2433 323 2483 Guelph.
353 2433 440 2470 Par.
466 2434 515 2470 A.
546 2432 642 2469 Ven.
670 2432 715 2469 B.
735 2432 785 2470 D.
807 2431 849 2471 F.
905 2430 954 2466 A.
985 2428 1027 2465 P.
1061 2431 1125 2472 37·
1195 2428 1440 2479 Spectandum
1483 2433 1596 2484 nigris

156 2498 255 2547 apud
286 2497 455 2535 eundem.
503 2494 663 2533 Mallem
679 2489 683 2493 ⁶
698 2494 848 2540 ὄλεσιμ-
902 2493 1032 2539 oculis,
1072 2494 1245 2545 nigroque
1271 2497 1416 2547 capillo.
1473 2498 1595 2538 Plaut.

156 2561 325 2614 βρότων,
353 2563 385 2600 si
403 2561 532 2599 fuisset
546 2572 621 2597 vox
642 2558 846 2597 Pindarica.
904 2557 1046 2595 Poenul.
1064 2569 1103 2604 V,
1117 2559 1154 2606 ii,
1177 2563 1264 2597 153.
1284 2560 1414 2609 Specie
1432 2570 1593 2611 venusta,

213 2629 249 2664 5.
279 2626 324 2664 11.
343 2626 385 2673 Γ,
417 2629 504 2670 190.
536 2623 622 2661 ὅσοι
643 2624 847 2667 Ρελίκωπες·
901 2635 963 2661 ore
974 2635 1078 2673 aeque
1090 2636 1133 2660 ac
1146 2624 1463 2678 oculispernigris.
1485 2627 1593 2679 Lege.

158 2689 329 2740 Ἀχαιοί.
357 2695 394 2726 et
410 2691 500 2727 234.
532 2686 610 2739 ὁρᾶ
638 2684 848 2728 Hammo
904 2688 1001 2727 crine
1019 2694 1128 2738 atque
1147 2689 1260 2727 oculis
1279 2703 1315 2740 p.
1337 2691 1382 2728 R.
1400 2688 1442 2730 Β.

157 2749 359 2802 Ἀχαιούς.

1228 2828 1251 2853 L

1643 856 1711 908 39
