1864 3132
841 227 939 277 183

175 332 268 383 ipse,
303 346 410 383 quum
441 333 585 379 scirem,
617 331 675 369 ita
704 332 864 381 majores

174 399 343 448 loquutos
370 412 459 447 esse,
494 403 537 436 ut
569 409 758 448 nusquam,
792 396 864 433 nisi

174 462 214 500 in
242 465 374 511 vocali,
407 462 634 514 aspiratione
661 466 864 507 uterentur,

174 528 346 578 loquebar
372 529 440 575 sic,
471 533 513 566 ut
536 527 755 573 Puncnos,
785 525 865 562 Cn-

175 602 326 638 Tnoos,
356 592 606 638 Tmumos,
636 590 699 643 [f.
723 589 867 627 Trium-

158 653 248 706 sos]
285 655 597 693 Kraucfmma
634 654 799 692 dicerem.
825 681 835 690 .
854 681 863 690 .

174 718 376 756 nummu
403 730 543 767 semper
573 716 730 763 Ennia-v,
765 729 866 753 num-

173 796 280 833 quam
313 784 562 821 Prummu.
605 794 654 820 vr
684 793 866 820 1³21anss-

173 858 354 897 emtum·
387 847 584 894 Buans,
617 859 687 884 non
717 847 867 886 Pun-

176 923 270 958 Gns,
327 911 444 961 ipsius
489 913 633 963 antiqui
676 912 866 950 declarant

173 975 269 1012 libri.
307 988 373 1013 nec
397 976 489 1014 enim
512 989 675 1028 graecam
701 975 885 1013 litteram*

173 1041 390 1080 adhibebant
403 1056 416 1078 .·
471 1055 565 1080 nunc
597 1048 720 1080 autem
754 1041 865 1080 etiam

171 1105 276 1143 duas.
304 1110 341 1142 et
359 1118 439 1142 cum
457 1106 708 1153 PHBYGUM,
730 1110 767 1143 et
784 1118 864 1143 cum

174 1170 445 1210 PHRYGums
465 1171 650 1209 dicendum
669 1176 777 1218 esset,
805 1171 866 1208 ab-

172 1216 321 1273 surdum
343 1241 424 1275 erat
445 1240 511 1273 aut
531 1239 674 1272 tantum
696 1234 865 1272 barbaris

173 1301 320 1339 casibus
334 1314 495 1352 groecam
505 1301 671 1340 litteram
683 1300 865 1347 adhibere,

174 1370 240 1403 aut
256 1371 357 1403 recto
376 1379 464 1404 casu
484 1366 598 1403 solum
615 1379 737 1418 groece
755 1366 866 1416 loqui.

175 1435 297 1467 tamen
330 1436 368 1468 et
401 1431 632 1477 Pnnvens,
679 1436 716 1467 et
751 1431 867 1467 Pm-

178 1507 311 1534 mum
359 1495 503 1533 aurium
546 1508 657 1533 causa
702 1494 866 1545 dicimus.

126 1589 134 1602 x
177 1560 261 1600 Cic.
295 1561 341 1598 de
375 1560 486 1598 Orat.
521 1560 570 1598 ad
611 1560 717 1598 Brut,
747 1559 866 1597 xlviii.

177 1625 268 1665 Non
299 1625 500 1664 audiendus
529 1630 586 1663 est
613 1625 745 1663 Petrus
779 1625 869 1662 Vic-

174 1691 305 1738 torius,
332 1689 394 1740 qui
411 1690 510 1728 hunc
529 1690 653 1740 ipsum
678 1690 867 1739 Ciceronis

175 1755 302 1795 locum
318 1767 509 1802 enarrans,
540 1755 809 1806 legendumque
828 1755 868 1792 in

175 1832 219 1857 eo
242 1818 397 1870 Bruges,
427 1830 501 1856 non
519 1817 675 1870 Fruges,
696 1819 781 1870 jure
808 1819 869 1857 de-

174 1884 338 1932 fendens,
380 1883 475 1923 libro
505 1895 602 1922 x1v.
652 1885 746 1923 Vas.
778 1885 867 1924 lect.

176 1963 262 2000 cap.
280 1954 318 1988 3.
346 1949 520 1996 affirmat,
538 1949 703 1987 litteram
720 1954 764 1999 φ,
784 1959 868 1998 quae

179 2017 304 2067 prima
335 2020 393 2053 est
425 2013 586 2052 nominis
618 2012 758 2067 Φρύγες
789 2026 869 2051 esse

179 2083 339 2122 alteram
369 2094 389 2119 e
419 2082 576 2127 duabus,
612 2093 704 2131 quas
738 2079 869 2118 Cicero

179 2161 205 2186 a
227 2146 359 2197 priscis
383 2145 508 2184 latinis
532 2145 644 2183 fuisse
667 2145 868 2192 adhibitas,

180 2215 310 2248 contra
326 2222 441 2259 quam
460 2213 570 2246 aetate
585 2208 654 2246 illa
665 2221 735 2247 sua
752 2209 869 2256 fieret,

180 2277 290 2323 neget
310 2271 386 2309 illis
409 2272 550 2318 verbis,
576 2285 642 2311 nec
665 2273 759 2311 enim
774 2287 872 2324 groe-

182 2352 262 2377 cam
296 2336 459 2374 litteram
489 2335 703 2384 adhibebant
715 2352 732 2382 ,-
777 2350 872 2376 nunc

182 2409 303 2442 autem
328 2399 439 2438 etiam
455 2398 558 2436 duas·
612 2398 702 2437 Non
728 2398 782 2437 ita
803 2405 871 2438 est.

182 2480 297 2519 quam
314 2466 414 2504 enirn
428 2476 589 2515 graecam
602 2463 764 2502 litteram
781 2464 873 2503 olim

183 2545 209 2570 a
233 2530 376 2569 Latinis
401 2541 471 2566 non
497 2526 709 2575 adhibitam,
742 2528 874 2573 Cicero

170 2595 286 2642 dicit,
315 2607 361 2632 ea
390 2592 544 2642 intelligi
570 2585 694 2640 debet,
725 2606 808 2644 quae
836 2594 875 2632 in

186 2660 334 2697 nomine
378 2658 524 2712 Πνρῤὀς·
570 2658 786 2706 secundum,
836 2658 877 2696 in

189 2724 328 2777 Φρύγες·
371 2723 522 2762 tertium
538 2757 545 2773 ι
563 2722 703 2772 obtinet
736 2722 875 2771 locum,

189 2802 323 2841 nempe
345 2789 487 2830 vocalis
517 2804 559 2836 νς
599 2801 666 2839 pro
693 2801 768 2841 qua.
794 2789 878 2829 lati-

917 343 1008 370 nam
1035 328 1200 371 litteram
1227 341 1253 370 u
1273 331 1314 370 in
1336 330 1469 371 iisdem
1480 331 1608 371 'nomi-

918 394 1039 441 nibus,
1070 395 1110 433 in
1134 396 1308 434 latinum*
1321 408 1506 452 egraeco,
1522 408 1610 437 con-

919 460 1050 506 versis,
1080 459 1289 498 adhibitam
1311 459 1439 510 fuisse,
1471 458 1609 509 duplici

918 524 983 561 illo
1018 537 1066 562 ex
1103 525 1214 562 Ennii
1248 515 1462 569 Annaliboe3
1493 525 1610 563 allato

919 589 1103 638 exemplo,
1149 590 1292 640 egregie
1332 590 1432 627 idem
1478 589 1615 630 Cicero.

919 652 1175 693 confirmarat.
1201 654 1297 704 quod
1313 654 1458 704 optima
1470 654 1612 706 ratione

918 717 967 754 ab
994 716 1116 754 Ennio
1142 717 1356 767 caeterisque
1380 717 1510 766 priscis
1537 716 1611 764 illis

918 780 1043 819 latinis
1078 781 1220 818 factum
1265 794 1380 831 quum
1415 781 1612 831 judicaret,

919 859 997 885 suae
1026 846 1149 884 aetatis
1176 846 1372 884 hominum
1396 859 1613 896 perversam

920 911 1221 957 consuetudinem
1240 915 1351 961 atque
1371 911 1463 948 adeo
1482 911 1614 948 intem-

917 976 1127 1026 perantiam
1153 975 1274 1026 carpit
1290 980 1400 1025 atque
1418 976 1614 1024 reprehen-

918 1042 987 1088 dit,
1020 1042 1083 1092 qui
1100 1054 1175 1083 non
1191 1041 1356 1079 contenti
1367 1041 1614 1086 ,unamillam

917 1106 1040 1156 ipsam
1068 1119 1236 1157 graecam
1263 1106 1427 1156 litteram
1451 1124 1471 1144 υ
1500 1106 1614 1159 latine

920 1159 1121 1223 loquentes·
1144 1171 1393 1211 scribentesve
1425 1171 1614 1218 adhibere,

920 1237 1081 1275 alteram
1098 1249 1255 1287 quoque,
1274 1236 1366 1289 item
1384 1249 1550 1287 graecam
1569 1249 1614 1274 ac

921 1302 1165 1353 peregrinam,
1183 1315 1256 1341 non
1273 1303 1423 1354 quidem
1436 1302 1479 1340 in
1497 1301 1616 1351 Plu-y-

917 1380 999 1418 ges,
1033 1368 1096 1405 sed
1119 1367 1159 1404 in
1187 1367 1270 1406 aliis
1289 1372 1388 1404 certe
1403 1366 1615 1405 nominibus

921 1433 1157 1482 usurpandis,
1195 1433 1423 1470 adhiberent.
1483 1445 1617 1482 quam-

920 1499 1036 1537 nam?
1073 1495 1236 1545 profecto
1254 1509 1330 1533 non
1346 1495 1475 1542 aliam,
1499 1508 1615 1545 quam

922 1572 997 1610 qua
1011 1572 1099 1605 una,
1133 1565 1268 1608 praeter
1285 1577 1318 1606 υ,
1348 1558 1483 1597 latinos
1509 1571 1616 1610 caru-

919 1623 1007 1669 isse,
1023 1627 1214 1660 ostensum
1231 1628 1301 1669 est,
1318 1636 1452 1673 nempe
1471 1623 1563 1675 ζ.-
1604 1659 1608 1674 2

976 1687 1048 1726 Sed
1066 1687 1166 1726 aliud
1193 1701 1336 1738 quoque
1363 1694 1430 1734 est,
1447 1688 1612 1739 *minime

921 1751 1070 1802 quidem
1096 1764 1121 1788 a
1147 1764 1207 1789 me
1231 1752 1545 1801 praetereundum,
1574 1753 1614 1791 in

921 1829 993 1868 quo
1020 1829 1045 1854 a
1071 1816 1153 1854 viro
1179 1817 1245 1855 illo
1261 1818 1477 1856 doctissimo
1503 1818 1615 1856 valde

921 1882 1109 1920 dissentio.
1137 1883 1192 1920 ait
1218 1883 1329 1929 enim,
1358 1883 1389 1921 si
1417 1897 1491 1923 non
1517 1885 1616 1924 Bru-

919 1960 1001 1999 ges,
1019 1953 1062 1986 ut
1077 1948 1156 1998 ipse
1173 1948 1269 1996 vult,
1286 1962 1330 1987 ac
1349 1954 1447 1988 recte
1465 1951 1614 2001 quidem

914 2014 1017 2062 vult,
1045 2014 1111 2053 sed
1134 2013 1293 2064 Fruges,
1315 2020 1368 2062 jut
1393 2016 1615 2066 quibusdam

922 2079 1057 2130 placet,
1090 2079 1130 2117 in
1160 2079 1232 2117 hoc
1262 2081 1392 2118 eodem
1425 2080 1615 2120 Ciceronis

922 2146 1005 2184 loco
1040 2144 1272 2192 scriberetur,
1322 2150 1405 2183 tum
1438 2145 1529 2194 fore,
1575 2151 1617 2184 ut

923 2209 1037 2260 graeci
1060 2209 1221 2246 nominis
1250 2207 1391 2261 Φρύγες
1417 2210 1541 2259 prima
1557 2210 1618 2249 lit-

923 2278 1017 2319 tera,
1044 2271 1084 2308 in
1109 2271 1218 2308 illam
1231 2270 1271 2322 s
1290 2271 1404 2309 latine
1423 2285 1616 2320 conversa,

924 2337 1094 2378 formam¹
1114 2335 1262 2385 quidem
1284 2348 1451 2386 graecam
1470 2338 1617 2379 amitte-

926 2407 994 2448 ret,
1028 2412 1161 2438 sonum
1194 2411 1282 2437 vero
1311 2400 1422 2450 plane
1451 2414 1618 2451 graecum

926 2466 1098 2505 retineret
1110 2479 1123 2510 ;
1167 2477 1284 2515 neque
1314 2471 1508 2515 propterea.
1533 2479 1618 2504 vere

927 2532 1119 2569 immutata
1144 2530 1400 2578 (mmutatam
1418 2537 1545 2570 autem
1569 2533 1618 2569 ab

930 2597 1052 2635 Ennio
1065 2597 1227 2635 affirmat
1240 2596 1386 2647 Cicero)
1401 2596 1472 2634 dici
1483 2595 1618 2647 posset.

929 2673 1062 2710 nempe
1085 2661 1258 2699 eamdem
1280 2661 1362 2698 vim
1378 2666 1620 2710 potestatem-

930 2736 999 2775 que
1021 2723 1133 2762 fuisse
1155 2723 1246 2762 olim
1269 2736 1406 2774 graecae
1424 2723 1557 2762 litterae
1576 2729 1618 2774 φ,

930 2803 1044 2843 quam
1073 2788 1202 2829 latinae
1219 2788 1257 2842 f
1281 2787 1468 2827 Victorius
1498 2792 1619 2837 putat.
