1864 3132
138 654 199 694 10

938 259 1007 307 32

256 363 435 412 Versus
456 362 599 428 primi
617 367 823 410 metrum
848 361 1042 426 quidem
1065 367 1138 410 est
1160 362 1423 429 integrum,
1448 366 1693 416 sententia

252 456 370 490 vero
393 447 442 488 et
466 438 762 487 constructio
786 438 932 487 nulla.
1003 438 1256 498 RescribO,

321 545 364 588 O
385 537 611 587 similiter
634 543 729 587 Ου·
715 577 728 596 ,
765 544 812 586 et
835 541 872 587 Ε
876 538 962 603 fit,
997 542 1115 587 Ιωτα
1139 539 1267 604 quod
1293 539 1658 607 Graecumfuit.

255 637 494 701 *Nempe
529 642 597 685 Ov
618 636 772 686 literae
795 636 986 686 Graecae
1011 642 1053 686 O
1076 654 1254 687 nomen
1278 641 1435 705 accipi
1460 640 1695 698 volumus,

254 713 659 779 quemadmodum
694 715 826 777 apud
859 720 1047 762 veteres
1082 714 1349 771 obtinebat.
1422 716 1533 776 Qua
1555 717 1616 765 de
1638 732 1693 781 re

251 794 420 843 Calliae
443 807 608 842 versus
642 791 672 839 ὲ
706 791 780 839 ΟΙ.
806 791 1099 840 Casaubono
1122 793 1184 838 ad
1208 792 1500 841 Athenaeum
1516 793 1553 823 ¹⁷
1588 793 1691 841 lau-

252 871 390 919 datos
412 869 532 928 libet
553 867 829 916 describere
851 875 999 932 atque
1025 869 1313 918 emenda‘re:

253 975 311 1019 A.
349 980 500 1020 ΑΛΦΑ
525 991 702 1035 πρωτον
725 991 999 1032 ω··γυναικες,
1025 979 1077 1018 ΕΙ
1103 993 1160 1019 το
1184 968 1387 1036 δευτερον
1407 995 1539 1028 μονον

347 1051 451 1114 Χρη
462 1055 632 1110 λεγειν·
658 1070 816 1113 τριτον
830 1045 876 1096 δε
890 1071 1021 1103 μονον
1035 1071 1084 1096 ου
1104 1070 1193 1113 χρη
1211 1056 1378 1111 λεγειν,
1395 1057 1488 1098 αλλ
1501 1060 1580 1100 HT
1591 1074 1699 1117 ερας

255 1133 307 1175 Β.
342 1131 442 1191 Αρα
466 1132 598 1192 φησω
624 1148 694 1174 και
719 1148 776 1174 το
799 1148 1026 1192 τεταρτον
1048 1148 1102 1173 av
1127 1148 1282 1182 μονον;
1323 1130 1381 1174 Α.
1417 1131 1523 1175 Ουκ·
1562 1116 1694 1178 ΙΩΤΑ

456 1224 582 1265 Ὑουν.

256 1285 309 1330 Β.
353 1285 408 1329 Τι
431 1278 477 1328 δε
512 1303 570 1329 το
605 1302 837 1339 πεμπτονς
873 1284 931 1327 Α.
937 1284 1202 1335 fletum-rom
1240 1289 1328 1328 OY.
1362 1303 1419 1329 το
1450 1278 1474 1328 δ
1504 1281 1633 1331 ἕκτον
1663 1275 1698 1312 Υ

455 1381 588 1414 μονον
609 1365 739 1420 keve.

345 1440 552 1503 Aozo-Gtov
574 1442 613 1483 Ω
635 1458 725 1484 των
747 1435 866 1483 ἑπτα
888 1440 1056 1502 φωνων,
1083 1435 1202 1483 ἑπτα
1225 1432 1249 1482 ὃ
1268 1458 1314 1484 εν
1336 1432 1512 1502 μέτροις
1536 1460 1677 1492 μονον.

300 1578 364 1618 17,
390 1576 483 1611 453.
499 1573 541 1610 F.
557 1576 594 1616 7.
623 1576 648 1595 “
660 1570 794 1608 Calliae
807 1581 952 1614 versus,

256 1652 348 1691 quos
366 1638 430 1677 alii
445 1643 550 1676 tanto
567 1636 758 1675 molimine
781 1634 954 1683 emenda-

1008 1573 1019 1591 ‘
1035 1557 1152 1619 ''gei-it,
1181 1567 1330 1614 videbit,
1356 1568 1509 1618 opinor,·
1524 1564 1700 1608 Athenaei

1007 1638 1017 1656 ‘
1038 1633 1162 1678 verba,
1189 1645 1268 1683 qua:
1283 1632 1357 1671 viri
1374 1633 1474 1670 docti
1490 1632 1529 1670 in
1546 1632 1700 1687 quinque

256 1708 338 1742 tum
355 1703 514 1749 iverunt,
531 1701 681 1740 eosdem
692 1699 802 1738 facile
815 1704 853 1737 et
862 1698 954 1736 sim·
1007 1702 1018 1721 ‘
1038 1698 1266 1737 Trochaicos
1293 1709 1418 1735 versus
1443 1698 1602 1736 omnibus
1625 1702 1702 1735 tor-

257 1767 401 1818 pliciter
441 1766 599 1805 restituit
632 1766 951 1804 TYme'rTus.

257 1839 268 1857 ‘
290 1831 423 1870 Calliae
442 1830 722 1880 versus,’inquit
738 1829 796 1866 vir
807 1828 950 1872 doctus,

258 1902 269 1921 ‘
290 1896 462 1946 quosdam
495 1909 519 1933 a
550 1894 611 1932 Cl.
644 1893 866 1931 casaubono
904 1890 954 1928 ad

259 1966 269 1985 ‘
291 1960 520 1998 Athenaeum
565 1958 734 1996 laudatos
778 1955 950 1994 describit

259 2027 270 2048 ‘
290 2028 400 2073 atque
410 2022 573 2060 emendat
583 2020 791 2059 Dawesius.
812 2018 951 2056 Melius

259 2088 453 2140 ‘secisset,
487 2087 520 2124 si
545 2088 659 2124 locum
681 2086 811 2136 ipsum,
846 2090 889 2122 ut
907 2083 951 2121 ab

253 2159 270 2177 1‘
293 2153 471 2190 Athenaeo
506 2157 808 2201 reproesentatur‚
844 2148 953 2187 simul

259 2222 269 2240 ‘
291 2216 555 2266 descripsisset.
600 2216 643 2254 Is
670 2217 789 2267 igitur
823 2215 876 2252 sic
910 2226 950 2251 se

260 2286 270 2304 ¹
292 2281 409 2318 babet.
455 2281 595 2319 Athen.
628 2281 750 2336 LIX.
790 2294 828 2331 p.
857 2282 949 2318 453.

262 2351 272 2370 ⁴
295 2347 415 2397 Αλφα
449 2363 563 2393 μονον
599 2363 626 2383 ω
663 2362 826 2394 ’γυναικες
872 2353 951 2383 erre

262 2415 274 2432 ‘
294 2409 470 2462 δευτερον
493 2426 610 2457 μονον
635 2418 758 2458 λεγειν
787 2425 867 2463 χρη
893 2423 951 2445 και

262 2479 275 2496 ‘
295 2489 430 2527 τριτον
467 2486 593 2521 μονον·
611 2478 618 2488 ’
640 2489 732 2526 spem
776 2489 834 2512 ειτ
875 2486 950 2525 apa

262 2542 405 2589 ἔφησω
436 2554 486 2574 το
515 2553 711 2590 τεταρτον
740 2554 810 2575 τον
839 2552 953 2585 μονον

264 2607 276 2624 ‘
296 2617 390 2640 ιωτα
410 2616 588 2649 πεμπτον
619 2618 662 2639 ον
687 2618 737 2638 το
762 2602 784 2639 θ
803 2615 915 2638 εκτον
932 2615 952 2635 υ

260 2671 274 2689 ⁶
291 2682 405 2713 μονον
423 2671 509 2712 λεγε
528 2667 694 2703 λοισθιον
710 2664 750 2703 δε
763 2671 871 2716 φωνω
891 2679 952 2700 σοι

264 2735 274 2754 ‘
298 2746 348 2767 το
365 2746 392 2767 ω
413 2745 488 2766 των
513 2731 615 2767 ἑπτα
640 2735 781 2780 φωνων,
812 2730 915 2767 ἑπτα
933 2726 953 2764 ὃ

1006 1769 1017 1787 ‘
1037 1762 1167 1800 mentis
1210 1761 1365 1800 admotis
1409 1772 1541 1813 cogere
1581 1761 1701 1799 moliti

1004 1833 1015 1851 ‘
1034 1832 1133 1873 sunt,
1179 1826 1216 1863 in
1250 1839 1313 1863 sex
1348 1837 1474 1864 versus
1513 1826 1700 1864 Iambicos

1005 1896 1015 1914 ‘
1035 1896 1162 1941 sponte
1181 1889 1352 1928 distribui
1364 1903 1485 1940 posse.
1523 1890 1604 1938 sic,
1633 1904 1635 1906 ’

1059 2000 1181 2051 Αλφα
1200 2015 1326 2047 μονον,
1347 2016 1374 2037 ω
1388 2014 1564 2048 γυναικες,
1580 1999 1634 2039 ΕΙ
1652 2014 1699 2038 τε

1168 2063 1346 2117 Seu-repon

1061 2127 1196 2166 Μονον
1213 2137 1336 2176 λεγειν
1351 2141 1448 2183 χρη·
1487 2145 1546 2168 και
1565 2145 1701 2183 τριτον

1163 2208 1280 2239 μονον
1295 2209 1321 2240 7
1340 2207 1431 2245 epe«,-

1057 2254 1146 2294 HT·
1173 2271 1247 2308 αρα
1272 2262 1383 2306 φησω
1403 2273 1463 2295 και
1483 2273 1534 2295 το
1553 2273 1698 2312 ’νε-γαρ·

1165 2335 1236 2357 τον
1253 2335 1299 2358 αν
1317 2337 1432 2368 μονον

1059 2382 1206 2421 ῙΩΤΑ·
1235 2399 1414 2431 πεμπτον
1431 2384 1517 2433 ΟΥ,
1537 2386 1622 2425 -τοθ
1635 2401 1697 2425 εκ-

1168 2464 1239 2485 τον
1259 2448 1293 2485 Υ
1318 2465 1433 2497 μονον

1058 2510 1172 2558 Λεγε·
1222 2513 1389 2551 >marom-r
1421 2512 1460 2552 δε
1497 2528 1559 2551 σοι
1585 2529 1701 2561 μονον

1166 2579 1275 2625 φωνω
1295 2591 1346 2613 το
1364 2577 1401 2614 Ω

1060 2636 1144 2674 Των
1175 2639 1280 2676 ἑπτα
1313 2643 1454 2690 φώνων·
1483 2642 1587 2678 ἑπτα
1613 2639 1634 2678 δ
1661 2656 1701 2679 εν

1166 2698 1318 2756 ptem-pons·
1334 2719 1459 2751 μονον.

264 2799 277 2816 ‘
296 2810 335 2832 εν
350 2809 501 2848 μετ-ραις
527 2809 652 2840 μονον.
710 2792 805 2830 Hoec
833 2797 953 2829 autem
1007 2800 1018 2820 ‘
1039 2796 1088 2833 In
1107 2796 1162 2834 his
1180 2798 1243 2835 vix
1261 2798 1369 2836 litera
1387 2803 1528 2836 mutata
1543 2803 1612 2845 ese,
1625 2798 1699 2836 nisi

265 2865 274 2882 ‘
296 2857 494 2909 quicunque
511 2857 588 2895 sine
604 2856 821 2908 proejudicio
835 2857 953 2907 perle-
992 2859 1017 2885 ’ί
1038 2862 1076 2899 in
1094 2874 1128 2901 v,
1151 2866 1188 2902 3,
1208 2867 1245 2900 et
1264 2865 1300 2900 5.
1347 2861 1395 2900 In
1413 2875 1562 2913 quorum
1574 2863 1697 2913 primo

1731 1102 1750 1118 l
