1864 3132
852 240 916 286 ³1

166 344 430 409 quidquam
448 349 595 403 extat,
612 357 710 408 quo
722 343 1058 409 referripossit
1074 359 1227 395 cam
1237 344 1366 396 alios
1384 344 1597 395 subesse.

166 421 393 472 Habetur
422 429 587 471 autem
619 422 671 471 in
705 422 849 471 variis
871 423 984 472 lect.
1018 440 1168 474 casus
1193 424 1382 488 Ῑὴνω.
1419 442 1518 490 qua
1538 426 1601 473 de

167 499 409 563 scriptura
449 499 579 548 male
621 500 961 564 pronunciavit
1005 501 1354 550 Commelinus.-
1450 502 1603 563 Quasi

169 591 286 624 vero
324 576 449 624 idem
482 577 613 625 male
646 578 707 625 de
740 578 938 644 vulgata
970 577 1135 626 itidem
1170 580 1264 628 dici
1289 596 1389 628 non
1411 575 1601 644 posset!

171 653 236 702 At
273 653 457 703 homini
489 655 712 720 profecto
746 657 875 706 bene
919 673 1024 706 esse
1069 656 1227 716 velim,
1274 660 1358 723 qui
1402 658 1605 707 alteram

167 733 298 782 illam
333 734 474 783 nobis
510 736 825 785 conservavit.
898 735 1095 801 Quippe
1134 752 1198 785 ex
1235 736 1338 802 ejus
1373 736 1607 802 vestigiis,

169 816 420 874 utcunque
458 810 564 875 ipsa
606 813 667 864 sit
704 813 892 872 vitiosa,
931 830 1095 862 veram
1136 820 1300 861 tamen
1341 812 1608 862 certissime

171 886 489 934 instauratum
512 888 572 935 iri
595 887 800 936 confido.
822 914 841 923 ·
872 889 1047 953 Itaque
1070 889 1200 955 lego,

224 972 343 1022 Neu
364 974 561 1023 subesse
569 982 756 1039 praeter
767 976 902 1035 istos,
928 992 1048 1044 quos
1064 977 1256 1043 loquar,
1280 993 1431 1026 casus
1448 983 1604 1042 putes.

171 1061 436 1125 Postquam
471 1060 578 1111 haec
601 1064 887 1128 scripseram
910 1063 939 1112 ἃ
960 1065 1065 1113 viro
1089 1065 1406 1127 doctissimo-1·
1430 1064 1610 1112 certior

170 1139 327 1187 factus
351 1156 454 1187 sum
477 1140 528 1187 in
554 1141 719 1189 codice
745 1140 853 1190 MS.
871 1141 1047 1205 plures
1070 1148 1250 1190 extare.

172 1229 335 1294 *Pag.
360 1241 429 1282 37.
465 1229 496 1276 l.
526 1242 592 1279 14.

245 1306 366 1366 Quae
396 1323 572 1355 sonum
603 1306 745 1356 uobis
776 1307 1044 1366 ministrat,
1079 1329 1230 1372 σιγμα
1261 1307 1389 1374 quod
1418 1306 1608 1356 Groecis

373 1382 540 1450 solet]

173 1471 286 1521 Hoc
331 1474 474 1520 modo
517 1474 765 1537 scripsisse
799 1475 1157 1523 Terentianum
1204 1491 1349 1523 nemo
1393 1490 1607 1538 unquam

174 1547 292 1596 mihi
336 1550 641 1612 persuaserit.
723 1541 1111 1599 Rescribendum
1156 1567 1273 1599 vero
1319 1551 1607 1600 confirmare

174 1625 347 1684 ausim,

249 1712 371 1774 Quoe
394 1730 566 1774 sonum
587 1713 729 1762 uobis
749 1714 1016 1774 ministrat,
1053 1738 1199 1780 σιΎμα
1236 1733 1381 1782 quem
1421 1716 1612 1768 Graecis

377 1793 513 1851 solet,

180 1883 327 1932 Extat
349 1888 510 1930 autem
534 1882 668 1930 locus
690 1882 836 1946 plane
859 1881 1094 1948 gemellus
1118 1899 1231 1950 pag.
1257 1893 1329 1932 21.
1366 1885 1395 1932 l.
1423 1897 1464 1938 7.

213 1974 372 2034 ,Αλφα
384 1983 572 2030 semper
584 1973 732 2032 atque
746 1973 863 2015 Ιωτα
878 1984 1022 2032 quem
1028 1975 1220 2032 parant
1235 1968 1425 2018 Graecis
1439 1986 1611 2018 sonum

228 2051 271 2094 A
294 2052 340 2094 et
365 2051 402 2093 E
423 2044 564 2093 nobis
581 2044 898 2093 ministrant:
935 2044 1006 2093 sic
1031 2045 1160 2094 euim
1181 2062 1272 2094 nos
1293 2046 1568 2095 scribimus.

182 2134 340 2196 Quem
382 2135 543 2183 locum
590 2135 674 2199 qui
719 2135 953 2183 continuo
996 2136 1249 2200 excipiunt
1291 2153 1458 2186 versus
1503 2153 1614 2185 cum

107 2271 110 2274 ἢ
180 2211 438 2276 insigniter
482 2212 699 2275 corrupti
755 2211 865 2269 sint,
921 2211 979 2259 iis
1034 2212 1199 2260 itidem
1256 2213 1490 2261 medicam
1534 2213 1615 2260 hic

184 2304 378 2335 manum
410 2288 530 2336 libet
563 2289 834 2336 admovere.
903 2287 946 2335 Ii
980 2295 1142 2336 autem
1178 2289 1231 2337 in
1266 2278 1479 2338 editione
1518 2306 1616 2354 qua

182 2366 285 2437 sola
306 2372 417 2413 utor
440 2365 837 2414 Sanctandreana
859 2366 928 2414 sic
949 2373 1382 2430 repraesentantur,

217 2457 284 2500 ΟΙ
307 2450 533 2499 similiter
552 2456 593 2499 O
616 2458 664 2499 et
688 2457 724 2499 E
729 2453 816 2517 fit,
853 2457 969 2501 Imm
996 2453 1123 2518 quod
1151 2451 1514 2521 Graecumfait.

217 2533 303 2576 AU
327 2535 372 2575 et
398 2533 478 2574 ΕΠ
503 2543 652 2591 quum
667 2529 970 2592 copulamus,
993 2534 1037 2576 U
1053 2531 1322 2579 secundam
1329 2530 1615 2595 jungimus,

218 2602 279 2662 In
292 2603 448 2652 vicem
467 2602 681 2651 Graecae:
706 2604 836 2670 quod
856 2609 1021 2667 υψιλον
1039 2603 1234 2654 subdita
1260 2613 1333 2654 est
1353 2607 1542 2656 vocalis
1558 2614 1613 2658 U.

225 2678 403 2729 Groeca
425 2678 754 2744 diphthongos
769 2686 856 2729 ΟΥ
874 2680 1030 2729 literis
1052 2687 1217 2730 tamen
1238 2683 1421 2731 nostris
1439 2691 1614 2734 vacat:

219 2754 340 2807 Sola
361 2757 550 2807 vocalis
570 2757 698 2823 quod
716 2762 758 2806 U
780 2758 985 2821 complet
1006 2758 1139 2808 hunc
1161 2759 1284 2808 satis
1307 2776 1495 2810 sonum.

711 2864 734 2900 ἦ
753 2861 784 2899 J
782 2877 895 2902 oanne
916 2865 1083 2913 Tayloro.
