1864 3132
886 269 987 322 203

216 373 408 425 Durdr.
444 381 564 434 1619.
640 373 853 441 'Nempe
898 379 937 425 si
983 378 1127 427 Iones
1173 378 1493 429 communiter
1537 394 1647 428 cum

214 452 520 507 AEolensibus
543 451 836 500 elementum
863 458 891 500 Ρ
914 462 1244 518 usurpassent,
1271 455 1467 504 dixisset
1491 454 1647 504 Varro

213 546 312 578 non
346 529 454 596 jam
501 538 610 577 BHP
654 530 740 577 sed
785 535 903 590 BHP.
998 531 1124 579 Cum
1169 549 1285 580 vero
1331 534 1380 581 in
1422 550 1647 582 sermone

214 605 384 654 lonico
414 605 719 668 aspirationis
764 605 871 655 Vau
903 613 1116 671 potestas
1156 610 1350 672 quidem
1387 611 1645 669 obtineret,

209 683 296 730 sed
328 681 490 746 'figura
523 683 790 748 majuscula
824 690 957 732 certe
991 700 1090 732 non
1123 686 1274 742 item;
1328 687 1441 733 inde
1465 686 1646 734 factum

211 764 299 814 est,
332 766 387 806 ut
408 757 741 808 Romanorum
770 748 1074 810 doctissimus
1107 778 1168 810 ex
1195 763 1445 811 elementis
1466 753 1647 811 'Ionicis

212 837 262 884 id
305 837 594 896 adhibuerit,
656 841 787 903 quod
837 842 900 889 ad
951 842 1258 906 aspirationis
1302 843 1428 890 illius
1474 859 1646 890 sonum

212 916 431 979 proxime
473 917 742 966 accederet.
829 917 965 967 Idem
1007 919 1058 967 in
1099 919 1250 983 ipsius
1289 920 1520 968 Varronis
1560 935 1647 966 no-

209 993 344 1041 mine
377 993 680 1059 designando
716 1011 748 1042 a
786 994 1028 1060 Dionysio
1066 995 1315 1044 Halicarn.
1358 996 1540 1043 factum
1578 994 1647 1043 vi·

211 1071 395 1118 demus.
479 1070 607 1118 Cum
641 1072 810 1137 utique
844 1072 890 1120 ei
924 1088 1148 1120 sermone
1182 1072 1514 1121 AEolico·non
1540 1071 1645 1137 jam

213 1148 370 1196 utenti
425 1147 669 1214 digamma
723 1149 974 1198 AEolicum
1031 1150 1263 1198 adhibere
1314 1148 1452 1197 nefas
1486 1155 1645 1206 esset,

211 1225 378 1275 caeteri
415 1232 577 1274 autem
616 1227 796 1285 Graeci,
840 1227 932 1275 nisi
971 1226 1099 1275 forte
1139 1226 1314 1285 DoreS‚
1340 1219 1514 1291 'figura
1531 1231 1646 1271 'ma-

127 1363 132 1367 ‘
199 1301 398 1367 juscula
425 1301 706 1368 indigerent
729 1320 838 1368 quae
863 1303 1040 1352 Latino
1055 1303 1107 1362 ,V
1132 1297 1465 1367 aequipolleret
1483 1320 1497 1359 ;
1547 1317 1647 1349 non

215 1379 385 1427 habuit
423 1379 627 1443 scriptor
665 1381 871 1428 Graecus
912 1398 1011 1444 quo
1050 1381 1112 1428 ad
1151 1396 1314 1428 veram
1358 1385 1646 1443 potestatem

211 1453 414 1517 propius
435 1456 691 1503 accederet
713 1472 858 1519 quam
882 1467 1102 1504 ΒΑΡΡΩΝ
1116 1458 1155 1483 ²⁴
1185 1456 1456 1503 scribendo.

304 1538 494 1588 Horum
550 1547 714 1590 autem
769 1542 1152 1591 testimoniorum
1210 1544 1306 1591 vim
1359 1543 1648 1591 imminuere

215 1615 420 1664 fortasse
453 1616 603 1664 videri
638 1619 871 1681 poterunt
906 1635 1016 1683 quae
1050 1620 1181 1682 apud
1216 1619 1423 1667 eundem
1460 1617 1648 1683 Diony-

211 1693 336 1740 sium
357 1692 590 1757 leguntur
611 1709 723 1758 pag.
755 1693 841 1742 16?
857 1694 985 1743 Edit.
1009 1694 1214 1743 Hudson
1237 1715 1249 1745 ε
1306 1700 1331 1720 “
1349 1718 1394 1742 εν
1423 1687 1482 1746 οἷς
1511 1717 1562 1751 ην
1588 1717 1650 1742 τα

217 1773 247 1801 *
268 1774 302 1793 “
324 1776 477 1817 πολλα
501 1766 653 1827 ἑλωδη,
694 1769 725 1817 ἆ
753 1792 823 1819 νυν
850 1778 974 1819 κατ-α’
997 1794 1078 1819 τον
1105 1793 1289 1836 αρχαιον
1311 1794 1392 1828 της
1421 1769 1650 1818 &axem-ov

212 1853 246 1874 ‘⁴‘
268 1869 438 1912 τροπον
473 1857 681 1895 ΟΥΕΛῘΑ
715 1848 992 1916 ονομαζεται.
1057 1850 1287 1907 συνηθες·25
1330 1871 1426 1915 ‘yap
1466 1872 1516 1906 ην
1557 1870 1651 1900 τοις

210 2020 279 2062 est,
310 2013 346 2051 id
373 2012 438 2051 tibi
457 2012 495 2050 in
512 2024 640 2050 aurem
661 2011 901 2060 instillavero,

213 2079 307 2118 utin
324 2078 383 2116 his
396 2077 580 2116 senticetis
595 2077 789 2127 ruspandis
807 2076 902 2116 nolis

212 2143 399 2194 ingenium
431 2148 539 2181 tuum
573 2148 611 2181 et
642 2144 758 2181 bonas
789 2143 902 2181 horas

213 2203 431 2243 contereres
485 2204 534 2254 R.
553 2205 601 2244 Β.
631 2205 761 2259 G'otef.
790 2206 906 2244 Rich-

215 2275 307 2317 tero,
332 2283 368 2319 p.
386 2273 452 2308 43.

270 2337 334 2372 24.
362 2338 384 2356 ‘⁴
402 2331 506 2371 Velia
516 2332 582 2371 ina
594 2333 728 2372 Graece
740 2333 853 2373 Ἑλέα
868 2340 905 2372 et

217 2399 339 2439 Βελέα
353 2398 485 2437 dicitur
499 2398 700 2448 Stephano,
718 2400 902 2450 quomodo

214 2463 420 2519 Ὀυάῤῥων,
436 2463 605 2518 Βάρρων,
620 2464 717 2514 quod
729 2464 903 2515 quaedam

215 2529 385 2580 cognatio
402 2529 451 2567 sit
473 2529 545 2566 τοῦ
565 2528 602 2566 V
622 2528 816 2577 διγάμμου,
843 2529 904 2567 vel

217 2591 264 2627 W
282 2592 473 2631 Teutonici
503 2605 588 2629 cum
618 2592 665 2639 B,
697 2592 902 2642 praesertim

216 2656 313 2711 apud
360 2657 552 2695 Vascones
602 2655 904 2707 Novempopulaa-

217 2731 298 2770 nos,
328 2724 365 2758 et
396 2720 617 2771 Hispanos.''
656 2719 824 2774 Scaliger
855 2724 904 2761 ad

220 2782 356 2822 Euseb,
373 2797 409 2834 p.
431 2789 553 2823 111:
565 2790 581 2822 1
593 2788 653 2824 18.

274 2850 336 2885 25.
366 2840 509 2893 σιΐνηδες
527 2851 737 2899 (operarum
752 2849 907 2901 incuria)

956 2013 1127 2065 Scaliger
1149 2014 1351 2053 ad'Euseb.
1371 2027 1407 2063 p.
1427 2018 1650 2051 111=118.

956 2078 1018 2129 qui
1037 2091 1074 2128 p.
1089 2083 1180 2117 205.
1209 2078 1236 2117 l.
1260 2084 1294 2116 1.
1313 2079 1367 2116 ‘ra‘
1397 2092 1433 2128 p.
1453 2076 1588 2117 20621.
1612 2083 1649 2116 1.

958 2144 1037 2181 τῶν
1066 2151 1103 2183 et
1129 2144 1157 2184 l.
1175 2149 1212 2182 4.
1247 2146 1297 2182 ω’ς·
1322 2143 1474 2190 omittit,
1510 2148 1547 2181 et
1583 2155 1649 2192 pro

958 2207 1109 2247 ὁπόσων
1133 2207 1281 2246 ὁπόταν
1307 2208 1470 2247 exhibet.
1501 2221 1538 2257 p.
1556 2211 1648 2246 205.

958 2271 984 2309 l.
1003 2277 1037 2309 l.
1064 2270 1307 2324 προστιθέναι
1330 2270 1490 2309 Chislzul.
1509 2283 1546 2319 p.
1567 2275 1648 2315 l7.;

958 2337 1161 2386 saepissime
1173 2341 1429 2386 permutantur
1435 2337 1648 2389 προσθεῖσα

956 2406 993 2444 et
1011 2391 1207 2454 προθεῖσα·
1227 2399 1482 2454 ’προσβάλλοι
1502 2405 1540 2438 et
1557 2417 1650 2453 προ-

954 2464 1103 2515 βάλλω.
1136 2465 1360 2518 προσβαίνω
1385 2470 1422 2502 et
1440 2465 1647 2518 προβαίνω·

958 2531 1181 2583 προσελθεῖν
1191 2534 1228 2566 et
1235 2530 1440 2582 προελθεῖν·
1454 2530 1647 2582 προσίεναι

957 2598 994 2630 et
1012 2592 1190 2644 προΐεναι.
1229 2591 1408 2628 Errorum
1426 2590 1649 2641 farraginem

957 2647 1153 2708 colligendi
1170 2669 1282 2706 opera
1306 2655 1533 2705 supersedeo.
1573 2655 1650 2692 He-

957 2723 1074 2762 rodot.
1086 2726 1208 2769 11,94·.
1223 2723 1440 2769 Αἰγυπτίων
1455 2723 1492 2758 οἱ
1502 2719 1585 2772 περὶ
1597 2719 1651 2756 τοὶ

952 2787 1115 2825 ’ΈΛΕΑ
1127 2787 1323 2825 οἰκέοντες,
1338 2785 1509 2835 Thucyd.
1520 2796 1550 2843 r,
1562 2788 1578 2820 1
1587 2789 1647 2821 10.

962 2851 1156 2897 Αἴγυπτος
1186 2848 1224 2888 δὲ
1254 2846 1364 2887 πάλιν
1391 2847 1465 2884 ὑπὸ
1493 2845 1652 2895 βασιλεῖ

1271 2922 1294 2947 E
1317 2922 1339 2947 Ε

1689 1783 1780 1824 118
