1864 3132
856 229 924 276 7⁷

169 334 303 399 Aret.
327 334 506 401 legisse
527 354 683 400 τριτον
703 355 839 383 πονου
853 307 870 384 :-
901 334 993 399 ipsi
1015 339 1180 383 tamen
1213 354 1382 400 τρητον
1413 332 1465 381 ἰῐι
1489 348 1605 381 con·

167 418 305 462 textu
328 417 692 478 repraesentant.
763 411 859 460 Cui
891 418 948 459 ut
980 413 1060 460 hic
1083 427 1249 460 versus
1271 411 1605 476 responderet,

166 490 383 550 βοασειι17
407 489 636 553 scriptum
671 488 902 553 oportuit.
975 487 1221 536 Caeterum
1259 502 1349 551 pro
1385 485 1518 552 vulg.
1560 484 1609 532 ὁν

169 572 223 614 ut
255 581 423 614 versus
456 571 717 623 constaret,
753 563 1085 628 rescripsimus
1117 564 1180 611 όν.
1233 564 1283 611 id
1307 562 1437 626 quod
1458 562 1631 627 juxta

166 648 454 706 potestatem
509 643 640 707 apud
695 641 964 690 Homerum
1020 646 1303 705 perpetuam
1357 638 1610 687 enunciari

168 717 389 767 volumus
423 740 527 767 wov.

235 849 294 896 V.
321 860 391 904 39.
415 878 483 885 --
506 846 684 907 κομιδαν
706 871 876 916 παπ-ρος
900 845 1019 912 εδο-]
1075 846 1328 896 Habemus
1361 846 1441 894 hic
1462 844 1612 894 iambi

164 927 275 976 loco
310 949 478 993 παπ-ρος
512 927 589 977 vel
621 927 951 994 pyrrhichium
981 924 1278 990 temporibus
1300 923 1611 988 inaequalem,

165 1005 256 1063 vel,
293 1006 378 1069 qui
401 1006 553 1055 nihilo
587 1007 743 1072 magis
766 1006 996 1055 ferendus
1021 1012 1109 1063 est,
1144 1005 1428 1052 trochaeum.
1500 1002 1612 1052 Nos

166 1102 360 1147 πατερος
415 1083 693 1132 exhibendo
749 1090 1021 1148 temporum
1076 1082 1313 1130 rationem
1369 1081 1612 1145 integram

166 1158 473 1207 servavimus.
545 1159 795 1223 Sequente
840 1166 1002 1208 autem
1048 1160 1099 1207 in
1140 1174 1285 1207 versu
1329 1156 1514 1206 voculae
1559 1179 1614 1205 τε

165 1237 534 1287 anteferendam
582 1239 872 1297 censuimus,
930 1254 1040 1304 quae
1087 1238 1138 1285 in
1198 1236 1452 1285 Benedicti
1498 1235 1611 1284 edit.

166 1314 425 1380 reperitur,
461 1312 520 1363 δε.
540 1308 550 1317 ’

236 1431 295 1483 V.
320 1448 391 1485 43.
442 1442 511 1485 Ta
530 1460 612 1494 μεν
635 1436 859 1504 παρῆκα]
937 1438 1235 1501 Interpretes
1255 1455 1266 1486 t
1327 1436 1486 1501 'Atque
1508 1436 1612 1485 lloec

170 1511 365 1578 quidem
403 1513 522 1562 olim
550 1514 702 1580 facta
747 1521 878 1562 sunt.
960 1515 1038 1561 Ad
1081 1514 1371 1562 sententiam
1417 1516 1612 1579 quidem

167 1589 445 1638 rectissime.
519 1589 700 1638 Verum
745 1590 840 1638 hoc
890 1588 1173 1659 neutiquam
1229 1588 1357 1637 valet
1412 1592 1612 1640 verbum

168 1690 370 1732 παρηκει.
435 1667 525 1716 Est
546 1668 676 1716 enim
700 1666 929 1732 temporis
951 1666 1026 1714 vel
1050 1665 1303 1730 praesentis
1325 1666 1612 1730 imperfecti,
1627 1714 1632 1715 .

166 1746 241 1795 vel
263 1747 496 1812 praeteriti
517 1746 738 1811 perfecti,
763 1748 894 1811 quod
916 1745 1062 1812 vulgo
1084 1746 1609 1811 plusquamperfectum

166 1836 335 1886 audit:
392 1837 614 1901 adeoque
648 1836 726 1885 vel
753 1841 1075 1900 prcetereunt,
1118 1835 1196 1884 vel
1243 1835 1608 1898 praeterierant,

167 1913 506 1975 exponendum
531 1918 617 1960 est.
677 1911 828 1976 Atqui
843 1911 1017 1960 horum
1041 1917 1268 1961 neutrum
1292 1928 1437 1961 sensu
1460 1913 1611 1978 aequi-

165 1981 315 2045 pollet
335 2005 402 2046 τῳ
416 1983 690 2051 olimfacta
716 1994 847 2036 sunt.
905 1987 1205 2053 AEquipollet
1227 2004 1342 2037 vero
1356 1989 1609 2052 praeterie-

166 2066 300 2119 runt,
326 2061 404 2109 cui
427 2064 689 2127 respondet
711 2065 842 2129 quod
864 2065 1160 2114 restituimus
1183 2067 1433 2132 vrafniirev.¹8

223 2195 286 2235 17.
314 2193 444 2242 βόασε
464 2194 583 2233 Gott:
591 2195 756 2246 Guelph.
776 2196 862 2235 Par.
920 2196 1036 2248 Cujus
1047 2198 1103 2235 rei
1113 2199 1309 2248 exemplum
1320 2199 1462 2238 exhibet
1466 2200 1611 2250 primus

168 2256 219 2292 A.
234 2255 280 2293 B.
301 2257 397 2295 Ven.
415 2258 461 2296 Β.
477 2259 528 2296 D.
545 2259 588 2298 F.
601 2259 749 2310 βόασεν
763 2260 862 2300 Coll.
917 2261 1079 2299 Hecubae
1098 2262 1311 2312 Euripidem
1327 2275 1469 2311 versus,
1489 2265 1608 2303 ΗΚΩ

170 2318 307 2357 Eman.
917 2342 1051 2379 νεκρων
1061 2329 1247 2374 κευθμωνα
1258 2344 1318 2366 και
1333 2345 1478 2366 exoa-ov
1490 2337 1609 2366 πυλαε

225 2388 287 2421 18.
337 2383 429 2428 Quoe
465 2386 510 2424 de
555 2387 664 2424 verbo
701 2387 859 2441 παρῆκει
917 2391 1109 2429 Λιπων-
1122 2392 1219 2429 Veni
1247 2391 1324 2430 sive
1350 2393 1500 2431 Adsum
1536 2393 1607 2430 &c.

167 2446 246 2484 dixi
279 2461 320 2498 p.
340 2452 405 2487 45.
450 2450 593 2489 indicta
628 2464 705 2489 esse
741 2451 859 2490 velim.
914 2468 985 2492 mm
998 2467 1077 2492 cum
1091 2455 1352 2505 interpretibus
1365 2457 1497 2504 Venio,
1514 2456 1543 2494 I
1550 2470 1608 2494 am

166 2512 410 2551 Accuratiori
444 2515 570 2566 utique
607 2516 770 2565 examine
806 2516 862 2554 in·
915 2518 1058 2570 coming
1076 2533 1089 2556 :
1142 2519 1208 2557 hoc
1255 2520 1349 2558 enim
1392 2521 1609 2558 sententiam

166 2577 300 2615 stituto
344 2579 503 2628 comperi
546 2579 648 2616 verbi
691 2582 780 2628 η’κω,
826 2581 860 2618 si
908 2596 1041 2633 parum
1081 2589 1204 2633 aptam
1249 2583 1371 2630 efficit.
1437 2585 1607 2623 Alterum

154 2639 324 2692 formam
341 2643 483 2692 quidem
505 2648 659 2692 spectes,
664 2646 860 2694 praesentis
907 2660 1024 2696 porro
1052 2652 1089 2685 et
1098 2656 1109 2658 ”
1117 2648 1265 2685 tertium
1285 2662 1328 2686 επ
1345 2649 1467 2686 eodem
1485 2649 1606 2687 Poeta

167 2704 299 2755 infecti
310 2721 326 2750 ‚·
355 2720 433 2745 eum
460 2713 580 2746 tamen
607 2721 683 2747 esse
700 2723 802 2748 usum
818 2716 860 2748 ut
913 2711 1113 2749 describam
1148 2711 1253 2749 Med.
1288 2717 1367 2758 932
1390 2713 1463 2762 [=
1481 2713 1603 2763 929.].

167 2781 277 2808 3en8u
293 2772 525 2821 oequipolleat
536 2771 759 2812 Latinonon
771 2776 860 2824 jam
914 2777 1002 2814 Αλλ
1057 2779 1179 2830 ω’νπερ
1235 2779 1337 2815 ου’νεκ
1394 2793 1441 2814 εις
1498 2790 1603 2823 spons

165 2834 287 2882 venio,
332 2836 399 2874 sed
440 2837 538 2885 veni,
592 2837 668 2875 sive
710 2839 856 2879 adsum.
914 2839 1087 2880 ΗΚΕῙΣ
1097 2848 1244 2889 λογους,
1258 2842 1318 2880 Ta
1330 2856 1399 2890 μεν
1412 2847 1601 2887 >lehem-m,

1650 1821 1717 1870 46
