1864 3132
862 191 931 239 59

177 291 262 341 Ne
298 293 405 356 quis
439 299 601 341 autem
635 292 686 340 in
721 293 837 342 locis
873 296 1141 362 cujusmodi
1174 303 1247 346 est
1280 298 1336 346 V.
1369 305 1462 348 163.

581 391 760 441 Omnia
785 394 1010 443 omnibus
1033 395 1225 444 annuit.

575 466 628 516 Io
652 467 854 534 Hymen
877 467 1143 534 Hymenoee
1166 469 1233 518 Io.

175 582 419 630 licentiam
443 580 661 629 exerceri
683 587 839 644 putet,
875 582 1168 628 monendum
1199 587 1271 629 est
1291 581 1509 630 voculam
1532 580 1612 639 Jo,

177 661 563 726 quotiescunque
597 660 648 707 in
684 660 777 706 hoc
813 658 1044 716 carmine,
1086 659 1273 720 (versus
1297 665 1430 706 certe
1453 659 1612 722 initio)

172 739 380 803 legatur,
404 737 754 796 μονοσυλλαβως
775 735 1131 783 enunciandam
1151 752 1270 793 esse,
1283 736 1323 763 4⁶
1345 737 1615 800 primaeque

172 818 295 864 adeo
350 816 504 863 literae
561 813 870 862 consonantis

939 820 1228 879 potestatem
1284 815 1611 862 tribuendam.

173 893 357 956 Neque
393 892 521 939 enim
556 892 696 939 aliter
720 890 960 939 constabit
982 891 1198 954 ipsorum
1222 908 1448 939 versuum
1472 892 1615 950 ratio,

173 971 224 1018 in
250 971 425 1033 quibus
447 969 620 1017 vocula
641 969 733 1016 ista
755 969 1066 1033 conspicitur.
1104 968 1318 1018 Sectioni
1336 971 1450 1018 huic
1467 971 1615 1019 finem

171 1045 476 1109 imponemus
522 1046 780 1103 monendo,
828 1044 1215 1108 quotiescunque
1258 1045 1530 1099 variarum.
1564 1047 1615 1094 in

171 1123 479 1172 Terentiano
536 1124 799 1173 lectionum
856 1114 1039 1172 mentio
1111 1124 1301 1182 incidit5
1367 1125 1615 1191 designari

172 1204 353 1267 ubique
376 1204 559 1252 variam
601 1204 735 1268 (quae
765 1202 1064 1268 appellatur)
1100 1203 1390 1268 scripturam
1415 1204 1614 1252 editioni

171 1281 584 1332 Sanctandreanae
607 1281 890 1347 subjectam.

225 1415 290 1455 46.
318 1415 428 1454 Conf.
455 1429 518 1466 pp.
546 1419 638 1462 29¹7,
652 1419 688 1454 8.
723 1413 866 1452 Heath.

174 1495 270 1522 ΧΠ.
299 1482 478 1532 Αρρεςπω
494 1481 662 1529 Propert.
683 1491 754 1517 111.
771 1479 866 1525 xvii,

174 1554 236 1588 12.
265 1547 399 1597 Algjete
411 1558 476 1583 seu
495 1545 621 1594 abyete
635 1545 721 1582 AEn.
735 1556 788 1590 11,
804 1542 865 1582 16.

174 1625 215 1659 v,
227 1609 319 1650 663.
338 1609 532 1660 Algjetibus
541 1621 609 1655 1x‚
623 1606 715 1652 674.
732 1608 868 1658 Arjete

172 1676 260 1720 AEn.
295 1686 347 1721 11,
383 1677 476 1719 492.
523 1686 609 1720 vn,
639 1677 729 1718 175.
777 1684 865 1719 ΧΠ,

169 1739 260 1786 706.
305 1741 461 1791 Arjetat
481 1753 532 1788 11,
565 1744 655 1785 890.
700 1739 867 1788 Bavyum

168 1806 263 1844 Buc.
284 1818 357 1853 111,
377 1810 441 1851 90.
470 1804 698 1856 Flmgj-orum
718 1804 811 1842 Geo.
832 1816 863 1850 1,

168 1873 259 1908 482.
290 1869 354 1920 [R.
376 1869 421 1906 B.
456 1869 504 1906 ad
530 1868 626 1907 Hor.
658 1868 779 1906 Serm.
813 1879 863 1905 11.

164 1931 246 1978 viii,
283 1937 342 1978 1.;
378 1937 508 1981 postea
535 1931 753 1982 Fluvyorum
781 1944 864 1969 ma-

167 1995 280 2047 luit.].
323 1994 472 2045 (Genea
507 1997 593 2034 AEn.
630 2008 717 2049 x1‘1‚
754 2000 864 2047 905.)

171 2059 454 2109 Grandyuscula
480 2059 566 2097 Ter.
595 2060 715 2097 Andr.
739 2072 800 2097 1v.
827 2073 867 2106 v,

174 2130 236 2171 19.
260 2125 462 2176 Nasidjeni
477 2126 570 2163 Hor.
585 2125 705 2163 Serm.
721 2137 776 2179 11ἱ
789 2125 866 2172 viii,

174 2196 209 2228 1.
231 2190 452 2242 ¹Par-fletibus
466 2190 560 2229 Geo.
582 2202 644 2236 1v,
664 2194 754 2235 297.
778 2191 865 2228 AEn.

175 2266 215 2300 v,
234 2257 324 2298 589.
355 2253 501 2291 Pitvz'ta
521 2252 643 2302 Epist.
665 2265 695 2299 1,
712 2252 752 2298 ii,
776 2257 863 2291 108.

172 2317 477 2368 Semyanimisque
485 2317 663 2355 —Varro
681 2317 863 2355 Atacinus

170 2381 270 2431 apud
316 2380 421 2418 Serv.
465 2379 514 2416 ad
558 2380 644 2417 AEn.
683 2393 728 2426 x,
772 2380 864 2426 396.

174 2447 222 2484 R.
251 2445 297 2483 B.
352 2444 400 2481 ad
437 2443 517 2481 Cic.
548 2443 662 2482 Tusc.
700 2457 729 2482 1.
770 2444 864 2482 xliv.

173 2510 365 2560 Semyusta
383 2509 471 2546 AEn.
495 2519 534 2552 v,
562 2505 654 2552 697.
683 2507 865 2556 (Sinvatis

174 2575 241 2614 Sil.
255 2575 340 2614 Ital.
354 2574 404 2621 vi,
423 2571 528 2623 226.)
547 2571 686 2623 Stellyo
698 2574 792 2612 Geo.
805 2585 866 2620 1v,

174 2642 265 2678 242.
303 2637 548 2689 Steuyoninus
572 2636 658 2674 Ter.
682 2637 777 2675 Eun.
804 2649 866 2684 1v,

173 2700 228 2746 iv,
260 2704 326 2739 22.
372 2700 529 2749 (Ten-oia
566 2698 659 2739 Geo.
695 2711 724 2747 1,
760 2702 869 2748 397.)

180 2763 215 2800 V
215 2764 446 2815 indengjator⁴
465 2766 559 2804 Hor.
592 2765 711 2803 Serm.
742 2777 771 2803 1.
803 2766 866 2812 vii,

920 1417 984 1452 30.
1013 1413 1063 1451 R.
1083 1414 1129 1452 Β.
1157 1415 1206 1452 ad
1224 1414 1319 1453 Hor.
1336 1415 1456 1453 Serm.
1471 1427 1524 1461 11,
1539 1414 1617 1460 viii,

922 1480 957 1513 1.
987 1475 1233 1514 Schediasma
1259 1477 1304 1514 de
1321 1476 1447 1515 'Metr.
1464 1477 1552 1515 Ter.
1580 1483 1618 1515 et

919 1539 968 1577 ad
997 1540 1094 1577 Eun.
1124 1552 1186 1577 1v.
1213 1541 1265 1587 iv,
1288 1545 1353 1579 22.
1381 1541 1440 1579 cui
1474 1541 1619 1579 accedit

919 1615 1050 1642 censor
1066 1607 1090 1641 ὁ
1106 1603 1254 1653 *γόνιμος-
1279 1605 1334 1654 (in
1350 1604 1500 1646 Μοπίῆ.
1522 1604 1617 1645 Rev.

919 1668 1009 1708 Jan.
1032 1674 1147 1716 1798,
1166 1683 1202 1720 p.
1220 1673 1308 1721 15.).
1332 1672 1518 1710 Dissentit
1529 1684 1618 1710 vero

921 1733 1161 1782 Schraderus,
1206 1740 1243 1772 et
1276 1735 1429 1774 irridens
1475 1738 1619 1788 quaerit,

919 1802 942 1821 ‘⁴
963 1797 1058 1843 Quis
1077 1803 1145 1845 est,
1173 1798 1235 1849 qui
1253 1799 1392 1838 nescire
1411 1801 1540 1850 possit,
1567 1802 1617 1849 ib,

918 1862 1089 1900 iambum
1107 1867 1213 1901 esse?
1241 1865 1439 1903 Dawesius
1458 1866 1618 1915 particu-

917 1927 997 1965 lam
1015 1933 1122 1977 putat
1135 1941 1209 1966 una
1223 1928 1373 1979 syllaba
1389 1930 1615 1979 pronuntiari

916 1992 956 2030 in
990 1997 1077 2030 noto
1114 1992 1256 2030 Catulli
1301 1994 1532 2032 carmine—
1545 1995 1616 2033 Sed

921 2057 1092 2095 Achilles
1117 2058 1249 2096 Tatius
1281 2059 1314 2110 [⁴
1334 2059 1539 2098 Lusitanus
1559 2060 1619 2097 vir

920 2121 1171 2170 doctissimus,
1183 2124 1245 2175 qui
1254 2130 1330 2163 tres
1342 2125 1462 2163 MSS.
1477 2125 1619 2164 Catulli

920 2187 1063 2225 codices
1074 2191 1319 2242 versaverat']
1339 2190 1474 2240 aliique
1489 2203 1616 2229 versus

919 2251 1026 2289 aliter
1053 2252 1263 2301 disponunt,
1292 2266 1384 2303 quos
1411 2255 1514 2305 sequi
1538 2268 1618 2293 ma-

917 2316 1019 2354 lim.''
1047 2317 1122 2354 PR.
1141 2317 1189 2353 ad
1209 2318 1295 2355 Em.
1314 2318 1357 2356 P.
1376 2318 1469 2357 xlvi.
1492 2332 1619 2357 exem-

918 2381 1024 2430 plum
1053 2394 1099 2419 ex
1129 2382 1216 2420 AEn.
1241 2394 1323 2429 vn,
1356 2387 1461 2431 789„
1487 2385 1617 2431 fateor,

918 2448 967 2486 ab
994 2447 1067 2484 hac
1093 2459 1131 2484 re
1158 2446 1321 2486 alienum
1350 2455 1432 2495 est3
1475 2451 1540 2488 sed
1568 2451 1617 2488 ad

919 2512 1027 2563 quale
1062 2512 1170 2550 mem·
1216 2525 1331 2562 genus
1375 2513 1525 2553 referret
1560 2516 1618 2552 vir

918 2576 1205 2629 μετρικῶτατος
1238 2576 1330 2615 illud
1367 2579 1523 2616 Luciani
1557 2593 1620 2617 ne-

919 2653 1034 2691 quam
1051 2642 1176 2691 (quem
1192 2641 1286 2681 inter
1311 2643 1466 2682 Latinos
1489 2651 1617 2694 poetas

921 2710 1172 2756 numeremus)
1207 2706 1370 2759 Tragop.
1404 2713 1493 2752 173.
1529 2707 1619 2746 Ἰου-

920 2769 1020 2809 δαῖος·
1038 2769 1172 2826 ἕτερον
1189 2772 1315 2824 μῶρον
1327 2772 1450 2825 αξξ-’ᾄδει
1471 2770 1615 2820 λαβών.

1244 2845 1273 2870 x
