1864 3132
57 426 65 433 „
144 367 383 416 rationem
428 378 618 414 servare
664 369 874 411 censeat.

774 197 776 199 ·
813 177 917 227 319

145 303 256 339 cum
299 287 500 338 verbum
543 285 638 334 hoc
680 284 880 334 istorum
928 287 1161 348 βασιληος,
1207 285 1428 347 βασιλεως
1475 294 1570 341 &a

961 362 1095 412 Nam
1139 362 1284 429 hujus
1327 369 1377 410 et
1419 362 1576 427 prima

144 446 194 487 et
238 426 450 489 secunda
496 454 848 503 nonnunquam
902 438 1044 488 simul
1093 440 1445 505 producuntur,
1503 437 1577 488 uti

144 527 198 567 A.
224 530 324 569 340.

257 614 416 672 Ε’γἾυς
438 630 545 659 εσαν
565 613 832 674 προφυγειν·
869 608 1076 658 adasa-ro
1102 605 1149 656 δε
1174 608 1311 671 ’μενγα
1335 610 1468 669 θυμῳ.

142 706 392 775 Scriptura
413 713 592 764 autem,
617 721 763 770 quam
787 706 1109 764 exhibuimus,
1131 722 1415 772 germanam
1433 705 1575 754 verbi

141 790 432 848 potestatem
476 803 724 832 αννασσατο
772 782 1071 848 designat.¹¹⁷
1175 782 1405 831 Similiter
1462 797 1579 830 con-

142 861 294 924 cipias
317 861 461 909 velim
487 866 754 919 Αννασαμην.
787 897 789 899 -
826 860 1046 920 Quorum
1069 860 1324 923 prosoedia
1345 860 1390 907 ei
1413 858 1579 907 similis

142 943 232 995 est,
273 953 417 1001 quam
457 938 508 984 in
547 937 706 985 verbis
747 945 877 985 λυννω
906 943 966 984 εἰ
1003 958 1123 984 τιννω
1164 953 1311 1000 supra
1351 935 1425 1002 [p.
1449 935 1580 998 297]

142 1014 502 1063 declaravimus,
603 1016 812 1064 Fontem
871 1021 1049 1072 autem,
1101 1015 1231 1061 unde
1282 1014 1579 1071 derivantur,

141 1093 301 1159 ανναζω
345 1093 644 1151 statuimus„>
684 1093 822 1159 cujus
880 1091 1146 1139 certissima
1196 1090 1403 1155 vestigia
1451 1089 1580 1154 apud

142 1169 513 1237 Hesychium¹¹⁸
545 1187 788 1237 agnosco:
827 1170 1103 1236 ΑὙαζεσθαι.
1140 1170 1450 1230 βλαπτεσθαι.
1499 1167 1579 1215 hic

149 1359 153 1363 ·
214 1339 302 1378 117.
343 1332 572 1385 Hesychius,
636 1334 830 1372 Ἀσία-ατο.

143 1396 312 1448 ἐβλάβη.
347 1404 383 1436 et
413 1399 507 1436 Cod.
538 1399 627 1436 MS.
654 1397 832 1443 Ἀάσθης.

143 1463 331 1514 ἐβλάβης.

200 1533 289 1566 118.
326 1533 350 1551 “
371 1527 584 1579 Hesychius
621 1539 710 1566 sane
749 1526 834 1564 ridi-

142 1593 248 1632 culus
283 1600 350 1640 est,
402 1593 463 1644 qui
507 1593 672 1642 pluribus
713 1591 835 1629 verbis

98 1661 115 1708 j
143 1658 296 1697 AEolicis
329 1671 395 1708 pro
433 1661 462 1702 Ρ
500 1658 709 1709 Digamma
747 1657 838 1695 sim-

141 1724 278 1776 plicem
329 1724 358 1762 Γ
397 1724 533 1774 posuit.
577 1724 716 1770 ΓΑΛΙ,
762 1725 839 1761 ἱκα-

143 1791 216 1837 νόν,
246 1790 319 1828 ἰίε.
347 1790 456 1828 Ριίλις
481 1789 598 1827 Hom.
618 1789 647 1827 Γ
648 1785 834 1834 ΑΛΛΟῙ,

141 1855 240 1903 ἧλοι.
301 1856 409 1893 Forte
451 1868 518 1905 pro
570 1856 686 1896 Ρᾶλοι
739 1853 835 1901 ἧλοι.

143 1921 226 1972 [sed
275 1921 465 1960 Homerus
519 1920 633 1973 ἧλοι]
698 1921 837 1966 Quaere

141 1986 187 2038 de
203 1985 483 2039 α’ργυρόΡηλον.
516 1983 833 2031 ΓΑΜΜΟΡΟῙ,

142 2051 350 2106 ἄμετόχοι,
367 2050 622 2105 ἐστερημένοι·
650 2063 718 2100 pro
737 2049 837 2097 Ριίμ-

143 2132 268 2170 popm.
287 2117 351 2154 sed
365 2116 472 2155 falso.
491 2116 625 2167 [Hom.
642 2115 835 2168 ἅμμοροι]

145 2180 490 2227 ΓΑΝΔΑΝΕῙΝ,
536 2179 718 2233 ἀρέσκειν,
759 2179 785 2216 i.
803 2190 835 2214 e.

147 2242 338 2284 Ρανδάνειν
357 2242 496 2290 Hom.;
533 2242 747 2293 Hesychius
775 2242 837 2279 α’ν-

147 2307 256 2355 ὃᾶνει,
289 2307 454 2361 ἀρέσκει.
477 2307 648 2358 [solome.
691 2306 837 2360 ὄχημα.

146 2374 343 2427 Τυῤῥηνοί.
374 2372 399 2410 ἱ.
412 2385 444 2409 e.
476 2370 612 2413 Ράπος.
648 2370 837 2424 Γᾶραβος.

148 2436 352 2487 ὅλολνγῶν.
370 2438 437 2475 i-e.
454 2437 661 2490 Ριίραβος.]
688 2437 717 2474 Γ
720 2437 840 2483 ΕΑΡ,

148 2503 218 2558 ἔαρ
246 2504 271 2541 i.
289 2516 320 2541 e.
352 2504 451 2557 Ρέαρ
480 2503 596 2540 Hom.
628 2502 708 2552 [Sic
728 2502 841 2540 Cani-

150 2569 232 2608 nius
249 2579 285 2618 p.
306 2571 388 2621 83.]
446 2567 587 2614 ΓΕΗΙ,
613 2571 664 2622 τῇ
682 2573 744 2622 «γῇ.
769 2568 793 2605 i.
808 2581 839 2605 e.

142 2634 230 2687 ⁴Fefi
260 2635 312 2687 τῇ
343 2633 367 2688 ᾖ
399 2633 535 2683 [Idem,
569 2633 650 2686 Ἑῇ.
679 2634 731 2686 τῇ
759 2635 842 2673 ἑαυ-

154 2699 271 2750 τοῧ.].
315 2698 565 2746 ΓΕΙΘΡΟΝ,
596 2698 740 2747 ἔνδυμα.
768 2699 792 2736 i.
809 2711 841 2737 e.

160 2765 323 2817 Ρεῖθρον.
363 2763 646 2812 ΓΕΚΑΑΟΝ,
682 2762 842 2818 ἥσυχον.

884 1334 910 1371 i.
928 1346 959 1371 e.
988 1332 1151 1379 Ρέκηλον
1171 1332 1287 1371 Hom.
1344 1331 1579 1378 ΓΕΚΑΘΑ,

886 1400 1050 1437 ἑκοῦσατ
1095 1399 1143 1435 ab
1174 1397 1306 1443 Ρὲκητι
1339 1397 1457 1435 Hom.
1503 1395 1583 1447 [Γὲ-

1333 1462 1357 1499 i.
1375 1475 1406 1499 e·
1447 1461 1582 1503 Ρέλαν.

888 1527 972 1564 vide
1001 1539 1114 1576 supra
1131 1527 1179 1564 ad
1201 1541 1238 1576 p.
1256 1532 1322 1572 90.
1352 1532 1389 1564 et
1416 1526 1511 1564 infra
1533 1525 1583 1564 ad

890 1591 941 1629 R.
954 1591 1007 1628 D.
1026 1604 1062 1641 p.
1082 1594 1203 1644 273.].
1262 1591 1482 1639 I'EAIKH,
1500 1590 1582 1644 ἕλιξ

890 1670 939 1695 an
956 1669 1022 1706 pro
1042 1659 1173 1703 Ρελὶκη
1215 1657 1244 1694 Γ
1247 1655 1490 1703 ΕΛΛῙΞΑῙ,
1519 1673 1584 1694 σν·

892 1725 1067 1771 νειλῆσαι,
1089 1736 1156 1773 pro
1183 1724 1343 1775 Ρελίξαι.
1382 1722 1583 1761 ΓΕΛΟΥ-

891 1788 1053 1835 ΤΡΟΝ,
1072 1787 1244 1842 ἔλυτρον,
1263 1787 1389 1836 ἤγουν,
1407 1787 1583 1841 λε’πυρον,

889 1854 916 1893 i.
934 1867 966 1892 e.
995 1853 1196 1907 Ρέλυτρον.
1234 1852 1441 1905 [Caninius‚
1461 1866 1499 1903 p.
1519 1857 1584 1891 83.

891 1919 986 1958 conf.
1003 1933 1041 1957 v.
1063 1920 1318 1971 Πελλασταί]
1363 1919 1392 1956 Γ
1394 1918 1584 1956 ΕΜΜΑ·

889 1984 977 2030 ΤΑ,
1002 1982 1147 2031 ἱμάτια,
1170 1983 1193 2021 i.
1209 1996 1239 2020 e.
1262 1980 1443 2031 Ρέμματα
1465 1983 1582 2022 Hom.

891 2050 1073 2097 Ρεὶματα.
1128 2048 1367 2099 [ΓΕΝΤΕΡ,
1398 2052 1424 2095 ἠ’
1450 2041 1604 2087 κοιλία.-

889 2121 913 2139 “
934 2114 1036 2152 locus
1066 2114 1144 2151 τῶν
1171 2113 1340 2168 ἐντέρων.
1387 2115 1439 2152 τό
1465 2117 1499 2163 ’γ’
1527 2118 1584 2152 est

889 2180 964 2227 hic,
1000 2179 1195 2229 digamma
1229 2179 1442 2217 AEolicum:
1498 2180 1586 2217 inde

891 2245 1068 2283 Latinum
1102 2246 1261 2282 venter.’'
1307 2245 1504 2283 CASAUB.
1534 2245 1584 2283 ad

891 2307 1034 2347 Athen'.
1056 2319 1161 2354 vlu,
1182 2311 1273 2346 352.
1295 2311 1343 2345 A.
1386 2309 1439 2346 sic
1473 2308 1584 2346 Cani-

891 2374 972 2412 nius
1001 2387 1038 2422 p.
1057 2377 1120 2411 84.
1161 2379 1198 2411 et
1233 2372 1375 2411 Wallis.
1407 2374 1586 2413 Gramm.

894 2438 1009 2488 Angl.
1040 2438 1176 2489 p.14.]
1233 2438 1493 2493 PEPI'ANA,
1526 2439 1585 2492 ἐρ-

893 2508 1028 2553 γαλεῖα
1063 2503 1087 2540 i.
1106 2517 1137 2540 e.
1174 2502 1343 2557 Ρέρσγανα
1379 2517 1403 2541 a
1434 2503 1584 2558 Ρέργον,

887 1470 968 1500 λαν.
1014 1461 1111 1509 αὐγή
1114 1479 1131 1498 ν
1174 1464 1291 1507 η’λὶου.

896 2569 1013 2606 Hom.
1078 2568 1342 2624 [Γεῤῥητηρία.
1387 2568 1586 2621 ἅπῶλεια.]

896 2633 1078 2682 ΓΕΡΡΩ,
1109 2632 1317 2672 α’πόλωλαῑ
1355 2635 1380 2672 i.
1398 2647 1429 2672 e.
1459 2636 1583 2687 Ρέῤῥω

897 2699 1014 2736 Hom.
1022 2712 1060 2737 V.
1068 2711 1106 2748 p.
1115 2697 1207 2744 267.
1219 2699 1427 2745 ΓΕΣΤΙΑ,
1436 2697 1583 2737 ἕνδυσις.

896 2765 1004 2814 μέλη.
1034 2765 1187 2813 “uda-ta:
1228 2777 1293 2814 pro
1319 2763 1474 2806 Ρέστια.
1503 2762 1532 2800 Γ
1536 2762 1585 2802 Ε-
