<?xml version="1.0" encoding="UTF-8"?>
<!DOCTYPE html PUBLIC "-//W3C//DTD XHTML 1.0 Transitional//EN"
    "http://www.w3.org/TR/xhtml1/DTD/xhtml1-transitional.dtd">
<html xmlns="http://www.w3.org/1999/xhtml" xml:lang="en" lang="en">
 <head>
  <title>
</title>
<meta http-equiv="Content-Type" content="text/html;charset=utf-8" />
  <meta name='ocr-system' content='tesseract 3.04.00' />
  <meta name='ocr-capabilities' content='ocr_page ocr_carea ocr_par ocr_line ocrx_word'/>
</head>
<body>
  <div class='ocr_page' id='page_1' title='image "./miscellaneacriti00daweuoft_0213.png"; bbox 0 0 1864 3132; ppageno 0'>
   <div class='ocr_carea' id='block_1_1' title="bbox 861 250 956 298">
    <p class='ocr_par' dir='ltr' id='par_1_1' title="bbox 861 250 956 298">
     <span class='ocr_line' id='line_1_1' title="bbox 861 250 956 298; baseline 0 0"><span class='ocrx_word' id='word_1_1' title='bbox 861 250 956 298; x_wconf 90' lang='grc'><strong>141</strong></span> 
     </span>
    </p>
   </div>
   <div class='ocr_carea' id='block_1_2' title="bbox 174 346 1626 1267">
    <p class='ocr_par' dir='ltr' id='par_1_2' title="bbox 181 346 1620 729">
     <span class='ocr_line' id='line_1_2' title="bbox 181 346 1620 421; baseline -0.003 -14"><span class='ocrx_word' id='word_1_2' title='bbox 181 346 245 407; x_wconf 71' lang='lat' dir='ltr'><strong>ad</strong></span> <span class='ocrx_word' id='word_1_3' title='bbox 277 357 482 421; x_wconf 82' lang='lat' dir='ltr'>primam</span> <span class='ocrx_word' id='word_1_4' title='bbox 515 370 632 406; x_wconf 80' lang='lat' dir='ltr'><strong>vero</strong></span> <span class='ocrx_word' id='word_1_5' title='bbox 667 371 766 405; x_wconf 86' lang='lat' dir='ltr'><strong>non</strong></span> <span class='ocrx_word' id='word_1_6' title='bbox 801 357 931 406; x_wconf 87' lang='lat' dir='ltr'><strong>item.</strong></span> <span class='ocrx_word' id='word_1_7' title='bbox 1015 357 1072 407; x_wconf 87' lang='lat' dir='ltr'><strong>Id</strong></span> <span class='ocrx_word' id='word_1_8' title='bbox 1107 355 1238 421; x_wconf 86' lang='lat' dir='ltr'><strong>quod</strong></span> <span class='ocrx_word' id='word_1_9' title='bbox 1274 369 1381 404; x_wconf 85' lang='lat' dir='ltr'><strong>cum</strong></span> <span class='ocrx_word' id='word_1_10' title='bbox 1418 370 1479 404; x_wconf 86' lang='lat' dir='ltr'><strong>ex</strong></span> <span class='ocrx_word' id='word_1_11' title='bbox 1513 356 1620 403; x_wconf 75' lang='lat' dir='ltr'><strong>aliis</strong></span> 
     </span>
     <span class='ocr_line' id='line_1_3' title="bbox 182 431 1617 496; baseline -0.003 -14"><span class='ocrx_word' id='word_1_12' title='bbox 182 435 310 482; x_wconf 87' lang='lat' dir='ltr'><strong>bene</strong></span> <span class='ocrx_word' id='word_1_13' title='bbox 347 433 508 482; x_wconf 77' lang='lat' dir='ltr'><strong>multis</strong></span> <span class='ocrx_word' id='word_1_14' title='bbox 544 431 790 495; x_wconf 85' lang='lat' dir='ltr'><strong>exemplis,</strong></span> <span class='ocrx_word' id='word_1_15' title='bbox 827 439 929 479; x_wconf 79' lang='lat' dir='ltr'><strong>tum</strong></span> <span class='ocrx_word' id='word_1_16' title='bbox 964 433 1209 496; x_wconf 85' lang='lat' dir='ltr'><strong>praecipue</strong></span> <span class='ocrx_word' id='word_1_17' title='bbox 1240 447 1302 480; x_wconf 87' lang='lat' dir='ltr'><strong>ex</strong></span> <span class='ocrx_word' id='word_1_18' title='bbox 1331 432 1423 480; x_wconf 82' lang='lat' dir='ltr'><strong>isto</strong></span> <span class='ocrx_word' id='word_1_19' title='bbox 1449 432 1617 496; x_wconf 89' lang='lat' dir='ltr'><strong>liquet,</strong></span> 
     </span>
     <span class='ocr_line' id='line_1_4' title="bbox 185 509 1616 584; baseline -0.001 -26"><span class='ocrx_word' id='word_1_20' title='bbox 185 511 317 574; x_wconf 92' lang='lat' dir='ltr'><strong>quod</strong></span> <span class='ocrx_word' id='word_1_21' title='bbox 356 510 430 558; x_wconf 87' lang='lat' dir='ltr'><strong>vir</strong></span> <span class='ocrx_word' id='word_1_22' title='bbox 470 509 686 558; x_wconf 84' lang='lat' dir='ltr'><strong>eruditus</strong></span> <span class='ocrx_word' id='word_1_23' title='bbox 725 509 877 573; x_wconf 87' lang='lat' dir='ltr'><strong>ipsius</strong></span> <span class='ocrx_word' id='word_1_24' title='bbox 918 510 1119 575; x_wconf 88' lang='lat' dir='ltr'><strong>hujusce</strong></span> <span class='ocrx_word' id='word_1_25' title='bbox 1160 510 1466 584; x_wconf 77' lang='lat' dir='ltr'><strong>Praefationis</strong></span> <span class='ocrx_word' id='word_1_26' title='bbox 1503 515 1616 575; x_wconf 75' lang='lat' dir='ltr'><strong>pag.</strong></span> 
     </span>
     <span class='ocr_line' id='line_1_5' title="bbox 184 585 1559 650; baseline 0.001 -16"><span class='ocrx_word' id='word_1_27' title='bbox 184 602 293 635; x_wconf 76' lang='lat' dir='ltr'><strong>xxv.</strong></span> <span class='ocrx_word' id='word_1_28' title='bbox 330 585 380 632; x_wconf 89' lang='lat' dir='ltr'><strong>in</strong></span> <span class='ocrx_word' id='word_1_29' title='bbox 404 585 501 633; x_wconf 80' lang='lat' dir='ltr'><strong>alio</strong></span> <span class='ocrx_word' id='word_1_30' title='bbox 523 592 815 650; x_wconf 81' lang='lat' dir='ltr'><strong>argumento</strong></span> <span class='ocrx_word' id='word_1_31' title='bbox 839 586 940 649; x_wconf 85' lang='lat' dir='ltr'><strong>ipse</strong></span> <span class='ocrx_word' id='word_1_32' title='bbox 964 587 1177 634; x_wconf 83' lang='lat' dir='ltr'><strong>laudavit</strong></span> <span class='ocrx_word' id='word_1_33' title='bbox 1212 586 1374 650; x_wconf 83' lang='lat' dir='ltr'><strong>[Nub.</strong></span> <span class='ocrx_word' id='word_1_34' title='bbox 1407 587 1527 649; x_wconf 32' lang='lat'><strong>130⁴]</strong></span> <span class='ocrx_word' id='word_1_35' title='bbox 1548 606 1559 635; x_wconf 89' lang='lat'>:</span> 
     </span>
     <span class='ocr_line' id='line_1_6' title="bbox 371 661 1432 729; baseline 0.002 -18"><span class='ocrx_word' id='word_1_36' title='bbox 371 668 534 725; x_wconf 76' lang='grc' dir='ltr'>ΛοὙων</span> <span class='ocrx_word' id='word_1_37' title='bbox 561 662 753 729; x_wconf 77' lang='grc' dir='ltr'>ἆκρῑβων</span> <span class='ocrx_word' id='word_1_38' title='bbox 780 661 1140 720; x_wconf 65' lang='grc' dir='ltr'>σκινδαλαμους4ο</span> <span class='ocrx_word' id='word_1_39' title='bbox 1167 669 1432 721; x_wconf 81' lang='grc' dir='ltr'>μαθησομαι.</span> 
     </span>
    </p>

    <p class='ocr_par' dir='ltr' id='par_1_3' title="bbox 174 727 1626 1267">
     <span class='ocr_line' id='line_1_7' title="bbox 174 727 1624 802; baseline 0.003 -16"><span class='ocrx_word' id='word_1_40' title='bbox 174 737 371 786; x_wconf 79' lang='lat' dir='ltr'><strong>Editori</strong></span> <span class='ocrx_word' id='word_1_41' title='bbox 406 738 629 802; x_wconf 88' lang='lat' dir='ltr'><strong>profecto</strong></span> <span class='ocrx_word' id='word_1_42' title='bbox 670 740 843 788; x_wconf 83' lang='lat' dir='ltr'><strong>mirum</strong></span> <span class='ocrx_word' id='word_1_43' title='bbox 878 740 929 788; x_wconf 90' lang='lat' dir='ltr'><strong>in</strong></span> <span class='ocrx_word' id='word_1_44' title='bbox 969 741 1162 789; x_wconf 90' lang='lat' dir='ltr'><strong>modum</strong></span> <span class='ocrx_word' id='word_1_45' title='bbox 1187 727 1447 790; x_wconf 70' lang='lat' dir='ltr'><strong>infelici-{er</strong></span> <span class='ocrx_word' id='word_1_46' title='bbox 1479 744 1624 792; x_wconf 86' lang='lat' dir='ltr'><strong>cessit</strong></span> 
     </span>
     <span class='ocr_line' id='line_1_8' title="bbox 185 815 1626 881; baseline 0.004 -19"><span class='ocrx_word' id='word_1_47' title='bbox 185 815 279 862; x_wconf 90' lang='lat' dir='ltr'><strong>hoc</strong></span> <span class='ocrx_word' id='word_1_48' title='bbox 319 815 609 879; x_wconf 87' lang='lat' dir='ltr'><strong>exemplum.</strong></span> <span class='ocrx_word' id='word_1_49' title='bbox 696 816 888 881; x_wconf 85' lang='lat' dir='ltr'>Quippe</span> <span class='ocrx_word' id='word_1_50' title='bbox 926 832 1029 864; x_wconf 89' lang='lat' dir='ltr'><strong>non</strong></span> <span class='ocrx_word' id='word_1_51' title='bbox 1065 816 1219 864; x_wconf 84' lang='lat' dir='ltr'><strong>solum</strong></span> <span class='ocrx_word' id='word_1_52' title='bbox 1260 819 1435 867; x_wconf 84' lang='lat' dir='ltr'><strong>exinde</strong></span> <span class='ocrx_word' id='word_1_53' title='bbox 1480 819 1626 868; x_wconf 82' lang='lat' dir='ltr'><strong>refel-</strong></span> 
     </span>
     <span class='ocr_line' id='line_1_9' title="bbox 185 891 1625 964; baseline 0.006 -25"><span class='ocrx_word' id='word_1_54' title='bbox 185 891 302 940; x_wconf 84' lang='lat' dir='ltr'><strong>litur</strong></span> <span class='ocrx_word' id='word_1_55' title='bbox 337 894 468 957; x_wconf 88' lang='lat' dir='ltr'><strong>quod</strong></span> <span class='ocrx_word' id='word_1_56' title='bbox 498 894 558 941; x_wconf 90' lang='lat' dir='ltr'><strong>de</strong></span> <span class='ocrx_word' id='word_1_57' title='bbox 587 894 747 958; x_wconf 81' lang='lat' dir='ltr'><strong>prima</strong></span> <span class='ocrx_word' id='word_1_58' title='bbox 775 894 906 944; x_wconf 85' lang='lat' dir='ltr'><strong>vocis</strong></span> <span class='ocrx_word' id='word_1_59' title='bbox 937 897 1117 961; x_wconf 78' lang='grc' dir='ltr'>ακριβης</span> <span class='ocrx_word' id='word_1_60' title='bbox 1149 906 1416 964; x_wconf 80' lang='lat' dir='ltr'><strong>monuerat,</strong></span> <span class='ocrx_word' id='word_1_61' title='bbox 1455 915 1625 947; x_wconf 85' lang='lat' dir='ltr'><strong>verum</strong></span> 
     </span>
     <span class='ocr_line' id='line_1_10' title="bbox 184 971 1623 1039; baseline 0.005 -21"><span class='ocrx_word' id='word_1_62' title='bbox 184 971 329 1019; x_wconf 80' lang='lat' dir='ltr'><strong>etiam</strong></span> <span class='ocrx_word' id='word_1_63' title='bbox 354 972 417 1019; x_wconf 85' lang='lat' dir='ltr'><strong>ad</strong></span> <span class='ocrx_word' id='word_1_64' title='bbox 440 979 801 1038; x_wconf 80' lang='lat' dir='ltr'><strong>argumentum,</strong></span> <span class='ocrx_word' id='word_1_65' title='bbox 831 973 883 1023; x_wconf 86' lang='lat' dir='ltr'><strong>in</strong></span> <span class='ocrx_word' id='word_1_66' title='bbox 907 989 1007 1039; x_wconf 89' lang='lat' dir='ltr'><strong>quo</strong></span> <span class='ocrx_word' id='word_1_67' title='bbox 1029 981 1266 1033; x_wconf 83' lang='lat' dir='ltr'><strong>versatur,</strong></span> <span class='ocrx_word' id='word_1_68' title='bbox 1289 973 1623 1025; x_wconf 79' lang='lat' dir='ltr'><strong>illustrandum</strong></span> 
     </span>
     <span class='ocr_line' id='line_1_11' title="bbox 183 1046 1624 1114; baseline 0.004 -20"><span class='ocrx_word' id='word_1_69' title='bbox 183 1046 252 1094; x_wconf 88' lang='lat' dir='ltr'><strong>nil</strong></span> <span class='ocrx_word' id='word_1_70' title='bbox 293 1047 557 1111; x_wconf 83' lang='lat' dir='ltr'>quidquam</span> <span class='ocrx_word' id='word_1_71' title='bbox 598 1049 861 1098; x_wconf 85' lang='lat' dir='ltr'><strong>confertur.</strong></span> <span class='ocrx_word' id='word_1_72' title='bbox 957 1050 1118 1098; x_wconf 89' lang='lat' dir='ltr'><strong>Docet</strong></span> <span class='ocrx_word' id='word_1_73' title='bbox 1162 1050 1330 1114; x_wconf 89' lang='lat' dir='ltr'><strong>utique</strong></span> <span class='ocrx_word' id='word_1_74' title='bbox 1377 1052 1428 1099; x_wconf 91' lang='lat' dir='ltr'><strong>in</strong></span> <span class='ocrx_word' id='word_1_75' title='bbox 1473 1054 1624 1100; x_wconf 88' lang='lat' dir='ltr'><strong>verbo</strong></span> 
     </span>
     <span class='ocr_line' id='line_1_12' title="bbox 182 1119 1620 1191; baseline 0.004 -21"><span class='ocrx_word' id='word_1_76' title='bbox 182 1119 494 1178; x_wconf 74' lang='grc' dir='ltr'>σκινδαλαμους</span> <span class='ocrx_word' id='word_1_77' title='bbox 516 1125 636 1173; x_wconf 84' lang='lat' dir='ltr'><strong>duas</strong></span> <span class='ocrx_word' id='word_1_78' title='bbox 658 1125 830 1174; x_wconf 89' lang='lat' dir='ltr'><strong>breves</strong></span> <span class='ocrx_word' id='word_1_79' title='bbox 853 1125 998 1173; x_wconf 84' lang='lat' dir='ltr'><strong>unius</strong></span> <span class='ocrx_word' id='word_1_80' title='bbox 1019 1125 1183 1191; x_wconf 86' lang='lat' dir='ltr'><strong>longae</strong></span> <span class='ocrx_word' id='word_1_81' title='bbox 1200 1126 1358 1174; x_wconf 89' lang='lat' dir='ltr'><strong>vicem</strong></span> <span class='ocrx_word' id='word_1_82' title='bbox 1379 1128 1620 1191; x_wconf 85' lang='lat' dir='ltr'><strong>supplere.</strong></span> 
     </span>
     <span class='ocr_line' id='line_1_13' title="bbox 185 1198 1625 1267; baseline 0.004 -21"><span class='ocrx_word' id='word_1_83' title='bbox 185 1198 333 1259; x_wconf 82' lang='lat' dir='ltr'><strong>Quod</strong></span> <span class='ocrx_word' id='word_1_84' title='bbox 363 1206 527 1267; x_wconf 68' lang='lat' dir='ltr'><strong>tamen</strong></span> <span class='ocrx_word' id='word_1_85' title='bbox 552 1217 629 1250; x_wconf 87' lang='lat' dir='ltr'><strong>res</strong></span> <span class='ocrx_word' id='word_1_86' title='bbox 650 1203 780 1251; x_wconf 80' lang='lat' dir='ltr'><strong>adeo</strong></span> <span class='ocrx_word' id='word_1_87' title='bbox 798 1218 897 1250; x_wconf 88' lang='lat' dir='ltr'><strong>non</strong></span> <span class='ocrx_word' id='word_1_88' title='bbox 923 1209 1011 1260; x_wconf 78' lang='lat' dir='ltr'><strong>est,</strong></span> <span class='ocrx_word' id='word_1_89' title='bbox 1048 1209 1105 1250; x_wconf 94' lang='lat' dir='ltr'><strong>ut</strong></span> <span class='ocrx_word' id='word_1_90' title='bbox 1133 1202 1172 1250; x_wconf 90' lang='lat' dir='ltr'><strong>si</strong></span> <span class='ocrx_word' id='word_1_91' title='bbox 1202 1203 1254 1251; x_wconf 90' lang='lat' dir='ltr'><strong>in</strong></span> <span class='ocrx_word' id='word_1_92' title='bbox 1285 1203 1483 1251; x_wconf 80' lang='lat' dir='ltr'><strong>istarum</strong></span> <span class='ocrx_word' id='word_1_93' title='bbox 1513 1205 1625 1252; x_wconf 81' lang='lat' dir='ltr'><strong>bre·</strong></span> 
     </span>
    </p>
   </div>
   <div class='ocr_carea' id='block_1_3' title="bbox 182 1275 1635 1344">
    <p class='ocr_par' dir='ltr' id='par_1_4' title="bbox 182 1275 1635 1344">
     <span class='ocr_line' id='line_1_14' title="bbox 182 1275 1635 1344; baseline 0.003 -20"><span class='ocrx_word' id='word_1_94' title='bbox 182 1276 315 1340; x_wconf 82' lang='lat' dir='ltr'><strong>vium</strong></span> <span class='ocrx_word' id='word_1_95' title='bbox 352 1275 514 1325; x_wconf 82' lang='lat' dir='ltr'><strong>Iocum</strong></span> <span class='ocrx_word' id='word_1_96' title='bbox 553 1277 751 1344; x_wconf 84' lang='lat' dir='ltr'><strong>longam</strong></span> <span class='ocrx_word' id='word_1_97' title='bbox 793 1278 1112 1336; x_wconf 80' lang='lat' dir='ltr'><strong>substitueriS,</strong></span> <span class='ocrx_word' id='word_1_98' title='bbox 1153 1278 1202 1326; x_wconf 87' lang='lat' dir='ltr'><strong>in</strong></span> <span class='ocrx_word' id='word_1_99' title='bbox 1243 1292 1414 1326; x_wconf 82' lang='lat' dir='ltr'><strong>versus</strong></span> <span class='ocrx_word' id='word_1_100' title='bbox 1446 1280 1635 1328; x_wconf 38' lang='lat' dir='ltr'><strong>senarii«</strong></span> 
     </span>
    </p>
   </div>
   <div class='ocr_carea' id='block_1_4' title="bbox 182 1351 1627 2420">
    <p class='ocr_par' dir='ltr' id='par_1_5' title="bbox 182 1351 1627 1724">
     <span class='ocr_line' id='line_1_15' title="bbox 182 1351 1625 1418; baseline 0.004 -19"><span class='ocrx_word' id='word_1_101' title='bbox 182 1351 318 1417; x_wconf 73' lang='lat' dir='ltr'><strong>leges</strong></span> <span class='ocrx_word' id='word_1_102' title='bbox 351 1355 643 1416; x_wconf 73' lang='lat' dir='ltr'><strong>peccaveris,</strong></span> <span class='ocrx_word' id='word_1_103' title='bbox 715 1354 899 1418; x_wconf 76' lang='lat' dir='ltr'><strong>Neque</strong></span> <span class='ocrx_word' id='word_1_104' title='bbox 935 1354 1062 1402; x_wconf 80' lang='lat' dir='ltr'><strong>enim</strong></span> <span class='ocrx_word' id='word_1_105' title='bbox 1100 1355 1151 1402; x_wconf 88' lang='lat' dir='ltr'><strong>in</strong></span> <span class='ocrx_word' id='word_1_106' title='bbox 1187 1355 1304 1402; x_wconf 85' lang='lat' dir='ltr'><strong>sede</strong></span> <span class='ocrx_word' id='word_1_107' title='bbox 1335 1362 1509 1418; x_wconf 82' lang='lat' dir='ltr'><strong>quarta</strong></span> <span class='ocrx_word' id='word_1_108' title='bbox 1544 1372 1625 1405; x_wconf 92' lang='lat' dir='ltr'><strong>co-</strong></span> 
     </span>
     <span class='ocr_line' id='line_1_16' title="bbox 185 1429 1623 1496; baseline 0.003 -20"><span class='ocrx_word' id='word_1_109' title='bbox 185 1429 336 1476; x_wconf 89' lang='lat' dir='ltr'><strong>micus</strong></span> <span class='ocrx_word' id='word_1_110' title='bbox 370 1431 527 1495; x_wconf 79' lang='lat' dir='ltr'><strong>magis</strong></span> <span class='ocrx_word' id='word_1_111' title='bbox 561 1447 705 1496; x_wconf 84' lang='lat' dir='ltr'><strong>quam</strong></span> <span class='ocrx_word' id='word_1_112' title='bbox 740 1429 957 1495; x_wconf 82' lang='lat' dir='ltr'><strong>tragicus</strong></span> <span class='ocrx_word' id='word_1_113' title='bbox 994 1430 1211 1478; x_wconf 84' lang='lat' dir='ltr'><strong>senarius</strong></span> <span class='ocrx_word' id='word_1_114' title='bbox 1246 1433 1512 1494; x_wconf 90' lang='lat' dir='ltr'><strong>spondeum</strong></span> <span class='ocrx_word' id='word_1_115' title='bbox 1549 1449 1623 1481; x_wconf 86' lang='lat' dir='ltr'><strong>re-</strong></span> 
     </span>
     <span class='ocr_line' id='line_1_17' title="bbox 186 1507 1626 1572; baseline 0.003 -18"><span class='ocrx_word' id='word_1_116' title='bbox 186 1507 319 1570; x_wconf 82' lang='lat' dir='ltr'><strong>cipit..</strong></span> <span class='ocrx_word' id='word_1_117' title='bbox 391 1507 561 1572; x_wconf 83' lang='lat' dir='ltr'><strong>Atque</strong></span> <span class='ocrx_word' id='word_1_118' title='bbox 593 1509 686 1556; x_wconf 89' lang='lat' dir='ltr'><strong>hoc</strong></span> <span class='ocrx_word' id='word_1_119' title='bbox 725 1509 832 1571; x_wconf 81' lang='lat' dir='ltr'><strong>ipso</strong></span> <span class='ocrx_word' id='word_1_120' title='bbox 870 1508 1066 1570; x_wconf 88' lang='lat' dir='ltr'><strong>quidem</strong></span> <span class='ocrx_word' id='word_1_121' title='bbox 1106 1508 1301 1555; x_wconf 86' lang='lat' dir='ltr'><strong>nomine</strong></span> <span class='ocrx_word' id='word_1_122' title='bbox 1338 1508 1484 1557; x_wconf 88' lang='lat' dir='ltr'><strong>lectio</strong></span> <span class='ocrx_word' id='word_1_123' title='bbox 1523 1509 1626 1558; x_wconf 82' lang='lat' dir='ltr'><strong>vul·</strong></span> 
     </span>
     <span class='ocr_line' id='line_1_18' title="bbox 184 1579 1627 1648; baseline -0.002 -18"><span class='ocrx_word' id='word_1_124' title='bbox 184 1589 310 1648; x_wconf 77' lang='lat' dir='ltr'><strong>gata</strong></span> <span class='ocrx_word' id='word_1_125' title='bbox 337 1579 640 1643; x_wconf 68' lang='grc' dir='ltr'><strong>σκινδαλμους,</strong></span> <span class='ocrx_word' id='word_1_126' title='bbox 676 1583 808 1646; x_wconf 64' lang='lat' dir='ltr'><strong>quod&gt;</strong></span> <span class='ocrx_word' id='word_1_127' title='bbox 839 1582 890 1629; x_wconf 86' lang='lat' dir='ltr'><strong>in</strong></span> <span class='ocrx_word' id='word_1_128' title='bbox 925 1582 1017 1629; x_wconf 77' lang='lat' dir='ltr'><strong>ista</strong></span> <span class='ocrx_word' id='word_1_129' title='bbox 1053 1583 1167 1630; x_wconf 80' lang='lat' dir='ltr'><strong>sede</strong></span> <span class='ocrx_word' id='word_1_130' title='bbox 1202 1584 1472 1648; x_wconf 85' lang='lat' dir='ltr'><strong>spondeum</strong></span> <span class='ocrx_word' id='word_1_131' title='bbox 1501 1600 1627 1648; x_wconf 81' lang='lat' dir='ltr'><strong>prae·</strong></span> 
     </span>
     <span class='ocr_line' id='line_1_19' title="bbox 186 1660 983 1724; baseline -0.003 -14"><span class='ocrx_word' id='word_1_132' title='bbox 186 1662 328 1719; x_wconf 76' lang='lat' dir='ltr'><strong>ferat,</strong></span> <span class='ocrx_word' id='word_1_133' title='bbox 364 1660 647 1724; x_wconf 84' lang='lat' dir='ltr'><strong>neutiquam</strong></span> <span class='ocrx_word' id='word_1_134' title='bbox 672 1660 876 1708; x_wconf 73' lang='lat' dir='ltr'><strong>ferenda</strong></span> <span class='ocrx_word' id='word_1_135' title='bbox 898 1666 983 1708; x_wconf 85' lang='lat' dir='ltr'><strong>est.</strong></span> 
     </span>
    </p>

    <p class='ocr_par' dir='ltr' id='par_1_6' title="bbox 183 1736 1623 2420">
     <span class='ocr_line' id='line_1_20' title="bbox 204 1736 1621 1806; baseline 0 -20"><span class='ocrx_word' id='word_1_136' title='bbox 204 1755 207 1757; x_wconf 60' lang='grc'><strong><em>’</em></strong></span> <span class='ocrx_word' id='word_1_137' title='bbox 265 1739 296 1769; x_wconf 68' lang='lat'><strong>³*</strong></span> <span class='ocrx_word' id='word_1_138' title='bbox 317 1737 543 1787; x_wconf 84' lang='lat' dir='ltr'><strong>Alterum</strong></span> <span class='ocrx_word' id='word_1_139' title='bbox 587 1737 766 1786; x_wconf 80' lang='lat' dir='ltr'><strong>ibidem</strong></span> <span class='ocrx_word' id='word_1_140' title='bbox 806 1751 1021 1785; x_wconf 81' lang='lat' dir='ltr'><strong>errorem</strong></span> <span class='ocrx_word' id='word_1_141' title='bbox 1062 1737 1511 1806; x_wconf 65' lang='lat' dir='ltr'><strong>deprehendimuS,r</strong></span> <span class='ocrx_word' id='word_1_142' title='bbox 1539 1736 1621 1804; x_wconf 85' lang='lat' dir='ltr'><strong>qui</strong></span> 
     </span>
     <span class='ocr_line' id='line_1_21' title="bbox 184 1811 1622 1879; baseline 0 -12"><span class='ocrx_word' id='word_1_143' title='bbox 184 1811 470 1867; x_wconf 81' lang='lat' dir='ltr'><strong>immensum</strong></span> <span class='ocrx_word' id='word_1_144' title='bbox 488 1816 746 1866; x_wconf 74' lang='lat' dir='ltr'><strong>verhorum</strong></span> <span class='ocrx_word' id='word_1_145' title='bbox 765 1831 1019 1864; x_wconf 90' lang='lat' dir='ltr'><strong>numerum</strong></span> <span class='ocrx_word' id='word_1_146' title='bbox 1038 1813 1387 1878; x_wconf 81' lang='lat' dir='ltr'><strong>complectitur.</strong></span> <span class='ocrx_word' id='word_1_147' title='bbox 1441 1823 1473 1842; x_wconf 84' lang='lat'><em>“</em></span> <span class='ocrx_word' id='word_1_148' title='bbox 1491 1816 1622 1879; x_wconf 85' lang='lat' dir='ltr'><strong>Quid</strong></span> 
     </span>
     <span class='ocr_line' id='line_1_22' title="bbox 186 1893 1623 1958; baseline -0.001 -14"><span class='ocrx_word' id='word_1_149' title='bbox 186 1899 220 1920; x_wconf 89' lang='lat'><em>“</em></span> <span class='ocrx_word' id='word_1_150' title='bbox 241 1900 361 1944; x_wconf 79' lang='lat' dir='ltr'><strong>vero</strong></span> <span class='ocrx_word' id='word_1_151' title='bbox 396 1895 458 1943; x_wconf 91' lang='lat' dir='ltr'><strong>de</strong></span> <span class='ocrx_word' id='word_1_152' title='bbox 501 1910 560 1942; x_wconf 87' lang='lat' dir='ltr'><strong>eo</strong></span> <span class='ocrx_word' id='word_1_153' title='bbox 599 1894 815 1949; x_wconf 85' lang='lat' dir='ltr'><strong>dicemus</strong></span> <span class='ocrx_word' id='word_1_154' title='bbox 850 1893 939 1956; x_wconf 52' lang='lat' dir='ltr'><strong>qui.</strong></span> <span class='ocrx_word' id='word_1_155' title='bbox 975 1909 1037 1940; x_wconf 85' lang='lat' dir='ltr'><strong>ex</strong></span> <span class='ocrx_word' id='word_1_156' title='bbox 1071 1907 1190 1941; x_wconf 86' lang='lat' dir='ltr'><strong>voce</strong></span> <span class='ocrx_word' id='word_1_157' title='bbox 1230 1893 1472 1958; x_wconf 73' lang='grc' dir='ltr'>ὑπεζευξαο</span> <span class='ocrx_word' id='word_1_158' title='bbox 1504 1896 1623 1943; x_wconf 85' lang='lat' dir='ltr'><strong>duas</strong></span> 
     </span>
     <span class='ocr_line' id='line_1_23' title="bbox 183 1969 1623 2036; baseline 0 -16"><span class='ocrx_word' id='word_1_159' title='bbox 183 1975 216 1996; x_wconf 91' lang='lat'><em>“</em></span> <span class='ocrx_word' id='word_1_160' title='bbox 237 1971 414 2020; x_wconf 78' lang='lat' dir='ltr'><strong>breves</strong></span> <span class='ocrx_word' id='word_1_161' title='bbox 451 1977 506 2019; x_wconf 84' lang='lat' dir='ltr'><strong>et</strong></span> <span class='ocrx_word' id='word_1_162' title='bbox 535 1970 780 2036; x_wconf 79' lang='lat' dir='ltr'><strong>dactylum</strong></span> <span class='ocrx_word' id='word_1_163' title='bbox 813 1969 962 2027; x_wconf 87' lang='lat' dir='ltr'><strong>fecit;</strong></span> <span class='ocrx_word' id='word_1_164' title='bbox 1019 1985 1128 2016; x_wconf 87' lang='lat' dir='ltr'><strong>cum</strong></span> <span class='ocrx_word' id='word_1_165' title='bbox 1165 1993 1189 2018; x_wconf 74' lang='lat' dir='ltr'><strong>e</strong></span> <span class='ocrx_word' id='word_1_166' title='bbox 1219 1977 1334 2018; x_wconf 82' lang='lat' dir='ltr'><strong>ante</strong></span> <span class='ocrx_word' id='word_1_167' title='bbox 1370 1971 1400 2036; x_wconf 83' lang='grc' dir='ltr'><strong><em>ζ</em></strong></span> <span class='ocrx_word' id='word_1_168' title='bbox 1431 1987 1623 2035; x_wconf 74' lang='lat' dir='ltr'><strong>semper</strong></span> 
     </span>
     <span class='ocr_line' id='line_1_24' title="bbox 183 2047 1623 2116; baseline -0.003 -17"><span class='ocrx_word' id='word_1_169' title='bbox 183 2054 216 2075; x_wconf 75' lang='lat'><strong>‘⁴</strong></span> <span class='ocrx_word' id='word_1_170' title='bbox 237 2050 388 2116; x_wconf 82' lang='lat' dir='ltr'><strong>long-a</strong></span> <span class='ocrx_word' id='word_1_171' title='bbox 410 2048 499 2107; x_wconf 53' lang='grc' dir='ltr'><strong>εἰη</strong></span> <span class='ocrx_word' id='word_1_172' title='bbox 549 2055 603 2097; x_wconf 86' lang='lat' dir='ltr'><strong>et</strong></span> <span class='ocrx_word' id='word_1_173' title='bbox 620 2072 649 2096; x_wconf 85' lang='grc' dir='ltr'><strong>α</strong></span> <span class='ocrx_word' id='word_1_174' title='bbox 672 2049 724 2096; x_wconf 86' lang='lat' dir='ltr'><strong>in</strong></span> <span class='ocrx_word' id='word_1_175' title='bbox 747 2048 944 2113; x_wconf 84' lang='lat' dir='ltr'><strong>poetico</strong></span> <span class='ocrx_word' id='word_1_176' title='bbox 965 2047 1049 2095; x_wconf 76' lang='lat' dir='ltr'><strong>illo</strong></span> <span class='ocrx_word' id='word_1_177' title='bbox 1070 2070 1125 2096; x_wconf 78' lang='lat' dir='ltr'><strong>ao</strong></span> <span class='ocrx_word' id='word_1_178' title='bbox 1146 2048 1279 2096; x_wconf 80' lang='lat' dir='ltr'><strong>nul-lo</strong></span> <span class='ocrx_word' id='word_1_179' title='bbox 1308 2049 1450 2096; x_wconf 88' lang='lat' dir='ltr'><strong>modo</strong></span> <span class='ocrx_word' id='word_1_180' title='bbox 1472 2049 1623 2112; x_wconf 83' lang='lat' dir='ltr'><strong>possit</strong></span> 
     </span>
     <span class='ocr_line' id='line_1_25' title="bbox 185 2122 1620 2191; baseline -0.002 -16"><span class='ocrx_word' id='word_1_181' title='bbox 185 2130 218 2151; x_wconf 84' lang='lat'><em>“</em></span> <span class='ocrx_word' id='word_1_182' title='bbox 241 2122 455 2191; x_wconf 78' lang='lat' dir='ltr'><strong>corripi?</strong></span> <span class='ocrx_word' id='word_1_183' title='bbox 544 2124 664 2174; x_wconf 90' lang='lat' dir='ltr'><strong>Non</strong></span> <span class='ocrx_word' id='word_1_184' title='bbox 709 2130 851 2189; x_wconf 87' lang='lat' dir='ltr'><strong>potes</strong></span> <span class='ocrx_word' id='word_1_185' title='bbox 895 2123 1046 2189; x_wconf 87' lang='lat' dir='ltr'><strong>igitur</strong></span> <span class='ocrx_word' id='word_1_186' title='bbox 1095 2124 1146 2171; x_wconf 88' lang='lat' dir='ltr'><strong>in</strong></span> <span class='ocrx_word' id='word_1_187' title='bbox 1195 2124 1293 2173; x_wconf 86' lang='lat' dir='ltr'><strong>fine</strong></span> <span class='ocrx_word' id='word_1_188' title='bbox 1339 2125 1620 2182; x_wconf 83' lang='lat' dir='ltr'><strong>hexametri,</strong></span> 
     </span>
     <span class='ocr_line' id='line_1_26' title="bbox 189 2198 1620 2268; baseline 0 -18"><span class='ocrx_word' id='word_1_189' title='bbox 189 2207 222 2228; x_wconf 87' lang='lat'><em>“</em></span> <span class='ocrx_word' id='word_1_190' title='bbox 245 2203 486 2268; x_wconf 73' lang='grc' dir='ltr'><strong><em>ὖπεζευξαο</em></strong></span> <span class='ocrx_word' id='word_1_191' title='bbox 524 2225 689 2251; x_wconf 81' lang='grc' dir='ltr'><strong><em>ποντον</em></strong></span> <span class='ocrx_word' id='word_1_192' title='bbox 702 2221 717 2260; x_wconf 83' lang='grc'>;</span> <span class='ocrx_word' id='word_1_193' title='bbox 776 2201 876 2254; x_wconf 69' lang='lat' dir='ltr'><strong>sed,</strong></span> <span class='ocrx_word' id='word_1_194' title='bbox 903 2201 987 2259; x_wconf 72' lang='lat' dir='ltr'><strong>Sic,</strong></span> <span class='ocrx_word' id='word_1_195' title='bbox 1034 2200 1272 2267; x_wconf 68' lang='grc' dir='ltr'><strong>ὖπέζενξᾶο</strong></span> <span class='ocrx_word' id='word_1_196' title='bbox 1315 2198 1362 2250; x_wconf 75' lang='grc' dir='ltr'><strong>δε</strong></span> <span class='ocrx_word' id='word_1_197' title='bbox 1405 2206 1620 2250; x_wconf 80' lang='grc' dir='ltr'>ποντον.”</span> 
     </span>
     <span class='ocr_line' id='line_1_27' title="bbox 187 2275 1620 2344; baseline 0.001 -18"><span class='ocrx_word' id='word_1_198' title='bbox 187 2278 317 2339; x_wconf 84' lang='lat' dir='ltr'><strong>Quid</strong></span> <span class='ocrx_word' id='word_1_199' title='bbox 349 2275 526 2327; x_wconf 74' lang='lat' dir='ltr'><strong>audio?</strong></span> <span class='ocrx_word' id='word_1_200' title='bbox 572 2301 601 2326; x_wconf 84' lang='grc' dir='ltr'>α</span> <span class='ocrx_word' id='word_1_201' title='bbox 636 2278 691 2325; x_wconf 87' lang='lat' dir='ltr'><strong>in.</strong></span> <span class='ocrx_word' id='word_1_202' title='bbox 721 2278 916 2342; x_wconf 88' lang='lat' dir='ltr'><strong>poetico</strong></span> <span class='ocrx_word' id='word_1_203' title='bbox 946 2278 1027 2326; x_wconf 91' lang='lat' dir='ltr'><strong>illo</strong></span> <span class='ocrx_word' id='word_1_204' title='bbox 1057 2301 1111 2326; x_wconf 86' lang='grc' dir='ltr'><strong>αο</strong></span> <span class='ocrx_word' id='word_1_205' title='bbox 1146 2279 1280 2326; x_wconf 90' lang='lat' dir='ltr'><strong>nullo</strong></span> <span class='ocrx_word' id='word_1_206' title='bbox 1308 2279 1452 2328; x_wconf 88' lang='lat' dir='ltr'><strong>modo</strong></span> <span class='ocrx_word' id='word_1_207' title='bbox 1479 2295 1620 2344; x_wconf 87' lang='lat' dir='ltr'><strong>posse</strong></span> 
     </span>
     <span class='ocr_line' id='line_1_28' title="bbox 188 2352 1622 2420; baseline 0.001 -17"><span class='ocrx_word' id='word_1_208' title='bbox 188 2352 403 2419; x_wconf 69' lang='lat' dir='ltr'><strong>corripi?</strong></span> <span class='ocrx_word' id='word_1_209' title='bbox 471 2354 626 2402; x_wconf 82' lang='lat' dir='ltr'><strong>Immo</strong></span> <span class='ocrx_word' id='word_1_210' title='bbox 665 2370 782 2404; x_wconf 78' lang='lat' dir='ltr'><strong>vero</strong></span> <span class='ocrx_word' id='word_1_211' title='bbox 819 2371 1059 2419; x_wconf 86' lang='lat' dir='ltr'><strong>nusquam</strong></span> <span class='ocrx_word' id='word_1_212' title='bbox 1094 2370 1196 2403; x_wconf 84' lang='lat' dir='ltr'><strong>non</strong></span> <span class='ocrx_word' id='word_1_213' title='bbox 1233 2357 1519 2420; x_wconf 82' lang='lat' dir='ltr'><strong>corripitur:</strong></span> <span class='ocrx_word' id='word_1_214' title='bbox 1572 2363 1622 2404; x_wconf 85' lang='lat' dir='ltr'><strong>et</strong></span> 
     </span>
    </p>
   </div>
   <div class='ocr_carea' id='block_1_5' title="bbox 185 2422 1638 2495">
    <p class='ocr_par' dir='ltr' id='par_1_7' title="bbox 185 2422 1638 2495">
     <span class='ocr_line' id='line_1_29' title="bbox 185 2422 1638 2495; baseline 0.001 -16"><span class='ocrx_word' id='word_1_215' title='bbox 185 2437 426 2495; x_wconf 81' lang='lat' dir='ltr'><strong>eorreptae</strong></span> <span class='ocrx_word' id='word_1_216' title='bbox 471 2430 668 2494; x_wconf 82' lang='lat' dir='ltr'><strong>quidem</strong></span> <span class='ocrx_word' id='word_1_217' title='bbox 708 2430 786 2479; x_wconf 81' lang='lat' dir='ltr'><strong>vir</strong></span> <span class='ocrx_word' id='word_1_218' title='bbox 822 2431 1042 2480; x_wconf 83' lang='lat' dir='ltr'><strong>eruditus</strong></span> <span class='ocrx_word' id='word_1_219' title='bbox 1079 2432 1227 2480; x_wconf 78' lang='lat' dir='ltr'><strong>etiam·</strong></span> <span class='ocrx_word' id='word_1_220' title='bbox 1265 2433 1314 2480; x_wconf 90' lang='lat' dir='ltr'><strong>in</strong></span> <span class='ocrx_word' id='word_1_221' title='bbox 1350 2449 1437 2481; x_wconf 82' lang='lat' dir='ltr'><strong>sua</strong></span> <span class='ocrx_word' id='word_1_222' title='bbox 1475 2422 1638 2481; x_wconf 78' lang='lat' dir='ltr'><strong>Calli-&#39;</strong></span> 
     </span>
    </p>
   </div>
   <div class='ocr_carea' id='block_1_6' title="bbox 185 2585 1621 2766">
    <p class='ocr_par' dir='ltr' id='par_1_8' title="bbox 185 2585 1621 2766">
     <span class='ocr_line' id='line_1_30' title="bbox 239 2585 1620 2638; baseline 0.003 -15"><span class='ocrx_word' id='word_1_223' title='bbox 239 2590 305 2623; x_wconf 81' lang='lat'><strong>40.</strong></span> <span class='ocrx_word' id='word_1_224' title='bbox 333 2585 598 2633; x_wconf 73' lang='grc' dir='ltr'>σκινδαλαμοιῖς</span> <span class='ocrx_word' id='word_1_225' title='bbox 617 2598 664 2624; x_wconf 80' lang='lat' dir='ltr'><strong>ex</strong></span> <span class='ocrx_word' id='word_1_226' title='bbox 684 2585 876 2638; x_wconf 83' lang='lat' dir='ltr'><strong>Hesychio</strong></span> <span class='ocrx_word' id='word_1_227' title='bbox 936 2586 974 2625; x_wconf 88' lang='lat' dir='ltr'><em>V</em></span> <span class='ocrx_word' id='word_1_228' title='bbox 970 2586 1064 2626; x_wconf 80' lang='lat' dir='ltr'><strong>alclc.</strong></span> <span class='ocrx_word' id='word_1_229' title='bbox 1096 2588 1144 2626; x_wconf 86' lang='lat' dir='ltr'><strong>ad</strong></span> <span class='ocrx_word' id='word_1_230' title='bbox 1180 2587 1250 2627; x_wconf 86' lang='lat' dir='ltr'><strong>Ph.</strong></span> <span class='ocrx_word' id='word_1_231' title='bbox 1275 2592 1390 2629; x_wconf 78' lang='lat'><strong>1422.</strong></span> <span class='ocrx_word' id='word_1_232' title='bbox 1419 2589 1473 2628; x_wconf 89' lang='lat' dir='ltr'><strong>D.</strong></span> <span class='ocrx_word' id='word_1_233' title='bbox 1492 2589 1541 2628; x_wconf 90' lang='lat' dir='ltr'><strong>R.</strong></span> <span class='ocrx_word' id='word_1_234' title='bbox 1568 2590 1620 2627; x_wconf 67' lang='lat' dir='ltr'><strong>&#39;ad</strong></span> 
     </span>
     <span class='ocr_line' id='line_1_31' title="bbox 186 2648 1621 2708; baseline 0.003 -21"><span class='ocrx_word' id='word_1_235' title='bbox 186 2655 223 2688; x_wconf 81' lang='lat' dir='ltr'><strong>et</strong></span> <span class='ocrx_word' id='word_1_236' title='bbox 253 2648 366 2688; x_wconf 72' lang='lat' dir='ltr'><strong>Suida</strong></span> <span class='ocrx_word' id='word_1_237' title='bbox 393 2649 443 2688; x_wconf 83' lang='lat' dir='ltr'><strong>R.</strong></span> <span class='ocrx_word' id='word_1_238' title='bbox 462 2649 509 2688; x_wconf 87' lang='grc' dir='ltr'><strong>Β.</strong></span> <span class='ocrx_word' id='word_1_239' title='bbox 539 2650 635 2689; x_wconf 84' lang='lat' dir='ltr'><strong>Ran-</strong></span> <span class='ocrx_word' id='word_1_240' title='bbox 656 2655 746 2691; x_wconf 85' lang='lat'><strong>835.</strong></span> <span class='ocrx_word' id='word_1_241' title='bbox 781 2671 877 2692; x_wconf 81' lang='grc' dir='ltr'><strong><em>σκιν-</em></strong></span> <span class='ocrx_word' id='word_1_242' title='bbox 930 2653 1031 2691; x_wconf 75' lang='lat' dir='ltr'><strong>Tim.</strong></span> <span class='ocrx_word' id='word_1_243' title='bbox 1055 2665 1092 2703; x_wconf 91' lang='lat' dir='ltr'><strong>p.</strong></span> <span class='ocrx_word' id='word_1_244' title='bbox 1110 2655 1174 2692; x_wconf 79' lang='grc'><strong>32.</strong></span> <span class='ocrx_word' id='word_1_245' title='bbox 1212 2653 1310 2692; x_wconf 83' lang='lat' dir='ltr'><strong>Ran.</strong></span> <span class='ocrx_word' id='word_1_246' title='bbox 1331 2656 1421 2693; x_wconf 83' lang='lat'><strong>835.</strong></span> <span class='ocrx_word' id='word_1_247' title='bbox 1450 2655 1621 2708; x_wconf 78' lang='lat' dir='ltr'><strong>xovaaa&#39;-</strong></span> 
     </span>
     <span class='ocr_line' id='line_1_32' title="bbox 185 2710 1617 2766; baseline 0.006 -17"><span class='ocrx_word' id='word_1_248' title='bbox 185 2710 333 2759; x_wconf 71' lang='grc' dir='ltr'>δαλμαῗν</span> <span class='ocrx_word' id='word_1_249' title='bbox 351 2711 507 2761; x_wconf 76' lang='lat' dir='ltr'><strong>Salmas,</strong></span> <span class='ocrx_word' id='word_1_250' title='bbox 531 2713 579 2751; x_wconf 87' lang='lat' dir='ltr'><strong>ad</strong></span> <span class='ocrx_word' id='word_1_251' title='bbox 599 2713 714 2753; x_wconf 84' lang='lat' dir='ltr'><strong>Solin.</strong></span> <span class='ocrx_word' id='word_1_252' title='bbox 733 2729 769 2766; x_wconf 91' lang='lat' dir='ltr'><strong>p.</strong></span> <span class='ocrx_word' id='word_1_253' title='bbox 780 2720 872 2761; x_wconf 85' lang='lat'><strong>735.</strong></span> <span class='ocrx_word' id='word_1_254' title='bbox 926 2727 999 2758; x_wconf 80' lang='grc' dir='ltr'><strong>ολα</strong></span> <span class='ocrx_word' id='word_1_255' title='bbox 1038 2716 1213 2757; x_wconf 85' lang='grc' dir='ltr'>ΜΗΚΗ</span> <span class='ocrx_word' id='word_1_256' title='bbox 1247 2719 1351 2757; x_wconf 89' lang='lat' dir='ltr'><strong>Idem</strong></span> <span class='ocrx_word' id='word_1_257' title='bbox 1384 2717 1538 2758; x_wconf 77' lang='lat' dir='ltr'><strong>Salmas.</strong></span> <span class='ocrx_word' id='word_1_258' title='bbox 1568 2721 1617 2758; x_wconf 83' lang='lat' dir='ltr'><strong>ad</strong></span> 
     </span>
    </p>
   </div>
   <div class='ocr_carea' id='block_1_7' title="bbox 186 2773 1617 2892">
    <p class='ocr_par' dir='ltr' id='par_1_9' title="bbox 186 2773 1617 2892">
     <span class='ocr_line' id='line_1_33' title="bbox 186 2773 1617 2836; baseline 0.008 -25"><span class='ocrx_word' id='word_1_259' title='bbox 186 2778 223 2812; x_wconf 89' lang='lat' dir='ltr'><strong>et</strong></span> <span class='ocrx_word' id='word_1_260' title='bbox 237 2773 465 2819; x_wconf 74' lang='lat' dir='ltr'><strong>Brunckius,·</strong></span> <span class='ocrx_word' id='word_1_261' title='bbox 494 2777 748 2826; x_wconf 70' lang='grc' dir='ltr'>σκινδαλαμὸν</span> <span class='ocrx_word' id='word_1_262' title='bbox 764 2777 814 2818; x_wconf 83' lang='lat' dir='ltr'><strong>R.</strong></span> <span class='ocrx_word' id='word_1_263' title='bbox 825 2778 873 2817; x_wconf 85' lang='lat' dir='ltr'><strong>B.</strong></span> <span class='ocrx_word' id='word_1_264' title='bbox 928 2784 1041 2825; x_wconf 86' lang='lat' dir='ltr'><strong>Solin.</strong></span> <span class='ocrx_word' id='word_1_265' title='bbox 1061 2796 1096 2833; x_wconf 90' lang='lat' dir='ltr'><strong>p.</strong></span> <span class='ocrx_word' id='word_1_266' title='bbox 1115 2787 1208 2828; x_wconf 84' lang='lat'><strong>735.</strong></span> <span class='ocrx_word' id='word_1_267' title='bbox 1235 2784 1318 2823; x_wconf 79' lang='lat' dir='ltr'><strong>vide</strong></span> <span class='ocrx_word' id='word_1_268' title='bbox 1336 2784 1387 2824; x_wconf 78' lang='lat' dir='ltr'><strong>G.</strong></span> <span class='ocrx_word' id='word_1_269' title='bbox 1408 2784 1617 2836; x_wconf 73' lang='lat' dir='ltr'><strong>Wakefield.</strong></span> 
     </span>
     <span class='ocr_line' id='line_1_34' title="bbox 189 2837 1351 2892; baseline 0.009 -17"><span class='ocrx_word' id='word_1_270' title='bbox 189 2837 298 2876; x_wconf 87' lang='lat' dir='ltr'><strong>Conf.</strong></span> <span class='ocrx_word' id='word_1_271' title='bbox 332 2837 454 2878; x_wconf 65' lang='lat' dir='ltr'><strong>Piens.</strong></span> <span class='ocrx_word' id='word_1_272' title='bbox 473 2839 539 2880; x_wconf 78' lang='lat' dir='ltr'><strong>‘ad</strong></span> <span class='ocrx_word' id='word_1_273' title='bbox 576 2841 685 2881; x_wconf 88' lang='lat' dir='ltr'><strong>Moer.</strong></span> <span class='ocrx_word' id='word_1_274' title='bbox 715 2842 809 2892; x_wconf 88' lang='grc'>360,</span> <span class='ocrx_word' id='word_1_275' title='bbox 837 2849 873 2881; x_wconf 85' lang='lat'><strong>1.</strong></span> <span class='ocrx_word' id='word_1_276' title='bbox 926 2848 977 2885; x_wconf 82' lang='lat' dir='ltr'><strong>ad</strong></span> <span class='ocrx_word' id='word_1_277' title='bbox 994 2844 1107 2884; x_wconf 81' lang='lat' dir='ltr'><strong>Herc.</strong></span> <span class='ocrx_word' id='word_1_278' title='bbox 1127 2846 1214 2887; x_wconf 87' lang='lat' dir='ltr'><strong>Fur.</strong></span> <span class='ocrx_word' id='word_1_279' title='bbox 1237 2849 1351 2886; x_wconf 83' lang='lat'><strong>1005.</strong></span> 
     </span>
    </p>
   </div>
  </div>
 </body>
</html>
