1864 3132
123 573 181 628 17

908 193 977 242 42

221 301 361 351 nobis
384 300 631 351 restitutus
655 304 743 357 est,
765 297 1197 347 luculentissimum
1219 283 1451 349 exhibet..
1499 298 1654 350 Nunc

220 377 369 436 vides»,
416 393 514 441 quo
559 390 704 423 sensu
748 390 806 422 ac
848 374 964 440 jure
1007 374 1148 423 simul
1192 375 1395 435 dicatur,
1457 374 1521 424 Ut
1561 375 1656 426 iste

222 454 461 520 (proxime
495 452 799 517 praecedens)
840 468 1016 502 versus
1034 450 1151 517 jam
1183 453 1334 502 docet.

223 563 384 628 wag.
410 569 482 611 65.
517 560 547 610 l.
573 572 616 609 4.

288 647 618 714 Sedsortasse
632 652 781 711 putes
800 646 996 695 nullum
1018 646 1306 712 contingere
1323 661 1539 707 versum,

360 721 494 783 Quin
514 723 673 772 ullam
695 738 869 771 earum
889 722 944 770 in
966 722 1198 786 regulam
1219 739 1321 772 non
1341 722 1548 773 incidat(

218 821 278 870 ln
300 821 445 870 variis
469 821 624 870 Lectt.
651 822 859 870 habetur
888 821 987 882 Qui
1006 822 1257 871 nullam.²⁷
1310 823 1434 884 Quae
1459 824 1666 888 quidem¹

218 897 365 946 dictio
407 898 569 963 paullo
613 899 884 957 accuratior
928 905 1013 947 est.
1090 899 1189 947 Sed
1233 900 1416 949 utrovis
1461 901 1653 949 demum

219 977 362 1026 modo
405 977 599 1043 legeris,
656 979 944 1027 sententiam
1000 979 1202 1028 habebis
1245 981 1459 1029 auctoris
1503 979 1655 1029 menti

216 1053 362 1118 plane
407 1056 714 1104 contrariam.
810 1052 996 1105 Lo‘cum
1052 1064 1215 1108 autem
1260 1059 1404 1108 unius
1447 1059 1653 1107 literulae

216 1133 545 1182 additamento
569 1135 640 1183 sic
661 1135 836 1200 refingi
849 1136 1034 1202 jubeo:

323 1231 456 1293 Quin
479 1232 658 1281 nullam
683 1250 857 1283 earum
878 1233 932 1282 in
954 1236 1186 1299 regulam
1207 1252 1308 1286 non
1331 1236 1534 1289 incidat.
1576 1252 1586 1259 ·

215 1330 369 1397 Cujus
393 1346 504 1378 cum
527 1330 750 1379 subtilior
771 1347 828 1379 ac
851 1332 1145 1381 reconditior
1178 1332 1476 1381 constructio
1508 1331 1655 1382 libra-

215 1409 313 1457 rios
337 1407 578 1467 fefellerit,
603 1408 716 1456 inde
739 1409 921 1480 factum
938 1410 1129 1458 videtur
1145 1417 1201 1459 ut
1214 1411 1408 1460 nullam
1423 1411 1474 1459 in
1497 1410 1656 1459 ullam

217 1486 366 1537 fuerit
387 1486 755 1538 immutatum.²⁸
824 1486 914 1536 Est
942 1493 1106 1537 autem
1131 1487 1250 1554 quin
1271 1504 1371 1537 non
1392 1487 1582 1537 incidat
1601 1485 1656 1535 in

216 1621 409 1672 Aristoph.
439 1632 605 1669 exmu,
633 1634 668 1671 p.
693 1625 781 1666 170.
809 1621 908 1659 Xen.

217 1685 338 1727 BIem.
352 1698 403 1734 11,
420 1686 470 1733 iii,
488 1690 550 1723 11.
570 1684 654 1734 λὲιγε
673 1677 809 1734 Susum,
821 1684 909 1737 ἔφη,

216 1750 253 1788 εἴ
267 1765 351 1788 τινα
370 1749 449 1787 τῶν
464 1751 653 1803 ’γνωρίμων
667 1748 827 1799 βούλοιο
849 1765 912 1786 κα-

215 1812 492 1868 τεργάσασθαι,
521 1813 646 1851 ὁπότε
667 1811 766 1864 ,θύος
788 1817 911 1850 καλεῖν

218 1893 263 1918 σε
275 1877 336 1916 ἐπὶ
347 1877 506 1925 δεῖπνον,
520 1880 561 1914 τί
571 1876 618 1914 ἂν
627 1877 790 1922 ποιοίης
808 1876 861 1923 ix,
870 1880 909 1914 4.

217 1940 276 1979 καὶ
289 1940 413 1979 ὁπότε
428 1940 520 1987 θύοι,
531 1938 666 1978 ἐκάλει.
680 1938 790 1977 Conf.
803 1939 910 1991 Orig.

216 2002 363 2042 inCels.
371 2015 406 2052 p.
416 2007 481 2048 74.
490 2002 683 2053 ed.Spenc.
696 2000 911 2042 Morticinoe

218 2069 317 2119 apud
346 2068 499 2106 Latinos
537 2068 721 2115 dicuntur,
752 2080 835 2119 quae
866 2068 911 2106 de

219 2123 418 2184 pecudibus
463 2145 532 2171 sua
581 2138 711 2183 sponte
755 2134 911 2172 mortuis

220 2196 371 2243 fiebant,
389 2197 508 2247 inquit
516 2197 665 2235 Servius
682 2197 730 2235 ad
747 2198 833 2236 AEn.
850 2206 911 2245 1v‚

220 2266 311 2302 518.
341 2263 385 2300 In
402 2262 544 2313 aliquot
556 2263 670 2301 sacris
696 2275 741 2301 ac
764 2261 912 2301 sacellis

219 2329 399 2378 scriptum
427 2328 623 2376 habemus,
651 2342 695 2366 ne
712 2330 800 2380 quid
814 2342 913 2368 scor-

218 2398 314 2430 teum
342 2392 569 2439 adhibeatur,
606 2393 686 2435 ideo
714 2407 758 2430 ne
784 2393 913 2432 morti-

221 2457 348 2494 cinum
366 2455 454 2505 quid
472 2454 580 2493 adsit.
610 2456 734 2495 Varro
747 2456 792 2495 de
808 2456 853 2494 L.
867 2456 911 2494 L.

222 2533 286 2566 νι,
313 2533 350 2570 p.
368 2523 432 2565 79.
469 2520 631 2558 Mortuae
649 2522 798 2571 pecudis
815 2522 915 2560 corio

219 2584 380 2631 calceos,
411 2590 476 2623 aut
501 2584 620 2622 soleas
640 2584 718 2622 fieri
737 2585 916 2623 Flamini-

221 2650 290 2688 bus
309 2648 411 2687 nefas
428 2649 597 2694 habetur,
616 2648 680 2685 sed
700 2655 765 2686 aut
778 2649 913 2687 occisae

223 2711 391 2762 alioqui„
407 2716 472 2749 aut
497 2711 702 2757 inmolatae,
737 2713 913 2762 quoniam

222 2789 295 2818 sua
312 2781 431 2818 morte
446 2776 612 2816 extincta
639 2775 752 2815 omine
769 2775 915 2816 funesta

963 1625 1061 1659 sunt.
1097 1621 1228 1660 Festus
1244 1634 1310 1659 vv.
1328 1621 1491 1660 Mortuae
1507 1612 1656 1672 pecudis

963 1682 1180 1722 -Scortea
1198 1697 1269 1722 non
1286 1684 1342 1722 illi
1355 1683 1429 1737 fas
1445 1689 1500 1723 est
1517 1683 1657 1736 irfferre

964 1749 1110 1795 sacello,
1146 1749 1210 1787 Ne
1236 1748 1372 1786 'violent
1394 1762 1510 1798 puros
1536 1748 1659 1786 exani·

963 1817 1063 1850 mata
1093 1812 1209 1850 Deos.
1240 1811 1356 1864 foco-5
1374 1811 1532 1850 Codices
1564 1824 1657 1850 non-

963 1874 1067 1912 nulli.
1110 1874 1225 1913 Ovid.
1249 1875 1351 1913 Fast.
1372 1887 1403 1922 1,
1429 1873 1522 1921 629.
1555 1875 1655 1914 Hinc

965 1938 1010 1975 de
1028 1938 1259 1977 cadaverosa
1272 1937 1367 1976 facie
1380 1938 1552 1986 Plautus,
1567 1938 1614 1976 N
1612 1951 1658 1977 on

966 2000 1097 2047 hercle,
1125 2001 1159 2038 si
1176 2014 1216 2039 os
1240 2001 1458 2051 perciderim
1477 2002 1558 2050 tibi,
1585 2015 1658 2040 me-

964 2069 1077 2110 tuam,
1095 2065 1299 2103 morticine.
1328 2048 1503 2113 Pel-ssu,
1519 2066 1573 2113 iv,
1594 2071 1656 2106 12.

965 2133 991 2153 “
1022 2129 1287 2177 Emendandus
1333 2135 1372 2169 et
1419 2131 1658 2182 castigandus

967 2192 1099 2231 Suidas
1116 2193 1225 2231 invv.
1234 2194 1426 2247 Νεβρείην
1436 2200 1472 2233 et
1485 2195 1657 2250 Νέβρος,

965 2256 1048 2293 haec
1061 2255 1188 2294 Babrii
1202 2256 1321 2295 citans
1333 2256 1448 2307 [apud
1455 2258 1658 2310 Tyrwffltt,

966 2334 1002 2370 p.
1031 2323 1113 2374 42]
1155 2321 1327 2361 Πεινᾰῐσα
1358 2322 1475 2377 κερδαὶ
1509 2323 1659 2379 καρδιῆυ

967 2385 1006 2424 δὲ
1041 2386 1223 2443 νεβρεῖην,
1270 2387 1410 2425 λα’πτει
1451 2390 1659 2436 πεσοῦσαν,

965 2449 1180 2504 ἁρπάσασα
1215 2453 1411 2506 λαθραίως.
1457 2451 1544 2503 quid
1588 2451 1658 2490 sibi

967 2515 1058 2554 illud
1075 2515 1134 2562 δέ;
1164 2516 1245 2567 lege
1264 2517 1341 2556 sine
1358 2516 1481 2563 dubio,
1509 2515 1658 2569 καρδίην

967 2578 1190 2632 κενεβρεὶην.
1227 2579 1410 2618 Kusterus
1435 2591 1509 2619 nou
1535 2578 1660 2617 vidit.''

969 2643 1016 2680 R.
1032 2643 1076 2680 B.
1107 2644 1362 2694 Propendebat
1379 2644 1426 2681 R.
1442 2643 1485 2681 Ρ.

1022 2713 1085 2752 27.
1116 2709 1245 2755 Quam
1258 2708 1421 2760 praetulit
1432 2708 1630 2760 Taylorus.

1023 2777 1073 2812 28
1080 2803 1088 2811 .
1119 2773 1222 2812 Sicut·
1229 2772 1456 2826 autemforte
1466 2773 1658 2829 displiceat
