1864 3132
154 2237 215 2290 71

919 197 951 254 ‘1
958 205 1023 254 10

256 323 352 374 que
376 308 481 377 jam
506 309 662 358 minor
683 311 972 370 auctoritas3
1013 318 1114 360 tum
1138 311 1282 360 etiam
1306 310 1438 376 quod
1461 311 1543 362 diu
1565 311 1687 363 late-

255 401 350 450 que
388 392 608 451 grassata
645 387 933 434 a'ccentuum
971 387 1216 436 barbaries
1256 404 1284 435 e
1322 388 1435 436 ludo
1475 391 1684 452 quodam

255 463 587 521 celeberrimo,
619 463 947 513 Etonensem4
970 467 1092 524 dico,
1118 467 1223 534 jam
1247 468 1358 516 olim
1382 469 1662 517 exulaverit.

323 539 613 607 Dionysium
648 542 1122 593 Halicarnassensem
1157 544 1207 593 in
1242 551 1450 594 tractatu
1489 561 1686 594 accura-

255 618 438 665 tissimo
484 641 583 683 περι
632 640 711 676 της
755 642 843 668 των
886 643 1109 675 ονοματων
1155 621 1420 671 συνθεσεως5
1465 621 1687 668 instituto

256 696 420 744 videre
444 704 517 744 est
539 697 665 745 istud
689 713 750 745 ex
772 697 1061 763 Thucydide
1086 697 1436 749 describentem
1458 716 1468 746 :
1520 702 1580 745 Οι
1607 719 1688 752 μεν

257 779 422 820 πολλοι
446 795 534 820 των
558 771 706 822 evea&
730 772 808 831 ηδη
832 797 1062 839 ειρηκοτων
1085 796 1306 822 επαινουσι
1328 796 1408 822 τον
1431 775 1688 837 προσθεντα

257 873 322 913 τῳ
347 873 457 913 νομῳ
480 874 560 899 τον
581 860 725 914 λογον
754 851 894 910 τονδε,
930 853 985 902 ὥς
1014 859 1148 901 καλ-ον
1177 874 1252 900 επι
1286 872 1379 900 τοις
1410 873 1456 899 εκ
1487 871 1579 900 των,
1606 872 1690 904 roff

256 934 403 983 λεμων
437 931 727 984 θαπτομενοις
763 934 1057 994 α’γορευεσθαι
1087 953 1235 979 αυτον.
1306 928 1502 978 Deinde
1524 934 1688 977 autem

256 1006 352 1054 loci
396 1006 623 1070 descripti
666 1008 884 1055 membra
927 997 1010 1055 ad*
1039 1007 1315 1073 syllabicam
1370 1005 1689 1069 quantitatem

258 1082 451 1147 singula
474 1083 640 1148 exigit,
682 1085 919 1149 docetque
948 1084 1255 1150 magnificam
1284 1079 1515 1133 orationis
1537 1089 1691 1135 struc-

257 1166 415 1208 turam
451 1177 512 1208 ex
545 1162 723 1225 pedum
758 1163 947 1210 ratione
977 1178 1035 1209 ac
1058 1162 1218 1210 valore
1246 1161 1546 1224 potissimum
1569 1175 1691 1224 pen-

258 1236 388 1283 dere.
484 1236 598 1284 Pari
638 1237 780 1284 modo
818 1237 1022 1286 alterum
1062 1253 1123 1286 ex
1161 1237 1368 1286 Platone
1410 1237 1587 1294 locum,
1631 1250 1692 1283 ac

257 1311 453 1359 tertium
489 1327 550 1360 ex
585 1311 916 1361 Demosthene
950 1313 1116 1361 laudat
1154 1313 1491 1377 expenditque.
1561 1310 1694 1359 Hinc

257 1389 442 1452 liquido
475 1396 664 1438 constat
698 1390 825 1454 ipsos
861 1390 1063 1438 Graecos
1097 1404 1370 1438 sermonem
1406 1404 1506 1436 non
1535 1387 1694 1435 minus

258 1466 533 1529 pedestrem
581 1480 728 1528 quarn
771 1465 988 1513 versibus
1034 1464 1314 1512 conclusum
1360 1463 1507 1529 juxta
1550 1459 1694 1528 sylla-

257 1541 429 1589 barum
468 1547 688 1606 tempora
719 1542 1044 1606 pronunciare
1083 1540 1261 1590 solitos,
1345 1540 1495 1606 Atqui
1528 1539 1694 1588 dicen-⁴

256 1619 436 1666 dumne
460 1626 549 1677 est,
585 1636 614 1667 o
636 1620 754 1667 boni
776 1626 1064 1668 accentuum
1087 1618 1317 1677 fautoreS,
1347 1624 1494 1667 rectae
1516 1619 1694 1674 rationi

256 1704 638 1744 consentaneum
663 1713 768 1745 esse
791 1703 847 1744 ut
870 1696 1014 1761 hodie
1035 1694 1390 1760 pronunciandi
1413 1689 1693 1762 regulas'ab

256 1774 372 1837 ipsis
395 1774 583 1822 Graecis
604 1781 817 1822 servatas
836 1790 934 1821 non
949 1773 1054 1839 jam
1073 1772 1310 1820 commodi
1326 1767 1693 1836 amplectamur,

256 1850 342 1896 sed
384 1849 747 1913 aspernabundi
792 1844 1167 1897 conculcemus?
1237 1846 1418 1907 Quidni
1461 1846 1693 1914 pergatis,

256 1925 475 1982 obsecro,
514 1931 663 1989 atque
693 1925 939 1973 hominem
972 1924 1185 1973 insanire
1214 1923 1450 1982 statuatis,
1491 1923 1576 1987 qui
1602 1922 1695 1972 lin-

255 2018 403 2067 guam
434 2001 671 2050 Gallicam
702 1992 882 2050 efferat*
897 2002 1044 2068 juxta
1071 1999 1429 2066 pronunciandi
1456 1999 1695 2048 rationem

255 2079 388 2142 apud
420 2077 552 2141 ipsos
587 2077 754 2127 Gallos
788 2075 1128 2127 obtinentem?
1197 2078 1353 2126 Porro
1385 2084 1547 2126 autem
1576 2076 1695 2125 locis

256 2171 335 2202 ex*
361 2155 671 2222 Thucydide,
734 2156 956 2216 Platone,
1018 2162 1068 2204 et
1113 2154 1445 2203 Demosthene
1489 2153 1696 2202 laudatis

257 2230 403 2279 alium
439 2232 467 2262 *
482 2239 652 2281 contra
675 2255 862 2298 πονηρου
886 2243 1138 2290 κομματοςψ
1162 2229 1415 2296 subjungit
1430 2228 1696 2295 Dionysius

258 2324 319 2355 ex
354 2307 602 2373 Hegesia⁶
637 2309 868 2374 Sophista
905 2309 1139 2375 petitum3
1194 2313 1458 2370 monetque
1491 2329 1574 2364 την
1606 2304 1698 2355 τωιὲ

313 2423 351 2457 4.
380 2419 480 2465 Quid
512 2419 599 2456 huic
630 2419 717 2456 ludo
744 2418 950 2456 cultissimo
1004 2403 1157 2454 natores
1177 2415 1272 2453 inter
1299 2428 1384 2455 suos
1412 2415 1582 2453 alumnos
1609 2425 1696 2453 enu-

258 2483 597 2533 humanissimoque
614 2483 839 2532 jamdudum
857 2482 953 2519 acci·
1005 2486 1135 2520 merat.

259 2549 364 2595 defit,
398 2547 506 2597 Plane
540 2547 687 2584 ne50i0³
740 2546 803 2583 sed
837 2557 952 2594 nuper
1059 2560 1096 2594 5.
1125 2555 1216 2595 Vol.
1238 2568 1288 2602 11,
1307 2568 1342 2605 p.
1366 2547 1427 2599 1⁶7.
1449 2553 1504 2592 ed.
1524 2553 1696 2604 Sylburg.

261 2611 404 2651 exstitit
436 2622 523 2647 suus
560 2608 746 2656 Fosterus,
783 2609 844 2659 qui
879 2621 951 2646 non
1005 2619 1177 2669 Thucyd,
1196 2619 1234 2666 ji,
1257 2623 1281 2656 3
1285 2623 1322 2656 5,

260 2676 543 2714 intermortuam
595 2674 691 2722 apud
749 2674 951 2711 Etonenses

264 2743 480 2777 accentuum
499 2736 690 2776 scientiam
707 2737 888 2782 ostendit;
917 2741 954 2774 et

265 2805 373 2843 hodic
402 2807 617 2854 praestantes
644 2813 771 2839 carum
800 2813 956 2851 propug-
1062 2789 1101 2829 5·
1130 2790 1244 2828 Dion·
1264 2787 1355 2827 Hal·
1377 2787 1401 2824 Ῑ·
1422 2800 1454 2823 0·

1058 2706 1082 2747 †
1096 2703 1288 2753 Aristoph.
1308 2701 1406 2740 Plut.
1425 2699 1514 2739 863.
1539 2704 1631 2745 958.
