1864 3132
829 225 897 274 93

153 335 358 394 oportet,
382 329 512 394 quod
531 328 594 376 ab
616 350 777 393 αρομαι
801 329 987 378 flueret.
1041 329 1168 378 'Hoc
1198 335 1360 378 autem
1382 343 1483 377 non
1507 334 1582 384 est

152 406 285 469 apud
329 405 513 454 Atticos
556 405 659 452 nisi'
692 427 892 470 αρουμαι,
949 406 1085 471 cujus
1130 406 1300 464 vicem,
1357 405 1429 454 uti
1475 405 1581 470 jam

126 478 129 482 ’
153 487 359 534 diximus
380 492 526 551 atque
556 486 607 533 in
638 487 853 534 sectione
876 486 1095 550 proxime
1118 492 1352 552 sequente
1385 486 1458 550 [p.
1484 485 1585 548 74.]

154 563 348 611 uberius
388 578 699 626 exponemus,
744 563 874 626 apud
914 562 1058 611 Ionas
1103 570 1153 611 et
1194 564 1360 612 AEoles
1403 570 1585 628 αρέομαι

152 638 420 708 supplebat.
501 639 687 687 Eodem
743 639 878 687 fonte
934 639 1199 688 derivatum
1252 663 1414 705 αρηται
1453 640 1586 703 apud

151 712 419 761 Homerum
475 730 586 762 cum
629 718 786 770 μισθον
828 715 992 764 itidem
1047 715 1360 782 conjunctum
1405 715 1587 780 legitur

151 789 231 834 ΙΛ.
268 803 363 836 x11.
409 792 680 838 435.—-‘wa
722 812 874 840 παισιν
916 792 1063 841 abarca
1100 802 1321 842 ΜΙΣΘΟΝ
1362 802 1586 841 APHTAI.

152 864 279 913 Illud
322 872 483 914 autem
528 889 709 932 αρεομαι
752 871 909 924 μισθον
939 869 1085 935 juxta
1126 868 1322 916 laudata
1367 866 1589 931 exempla

151 941 546 1005 interpretaberis
577 960 852 1010 consequar
885 946 984 994 sive
1016 944 1276 1010 reportabo
1300 943 1586 1002 mercedem,

151 1034 254 1082 prae
288 1035 385 1084 qua
419 1024 447 1053 *
461 1021 605 1082 etiam
641 1023 881 1071 sententia
905 1025 1068 1072 sordet
1090 1040 1234 1089 quam
1258 1023 1450 1071 unicam
1477 1039 1586 1089 sup-

150 1096 335 1159 peditat
355 1097 500 1147 lectio
522 1099 734 1166 vulgata,
770 1101 899 1165 eligo
921 1102 1204 1151 mercedem.
1265 1100 1414 1150 Mitto
1436 1101 1587 1165 ipsam

151 1171 246 1221 loci
270 1177 677 1226 constructionem
701 1199 880 1243 αρεομαι
902 1202 1151 1245 arev—spem
1174 1177 1221 1228 Be
1234 1210 1271 1219 -
1288 1179 1458 1228 melius
1478 1195 1587 1244 pro·

154 1251 341 1299 cedere.

222 1356 366 1420 Pyth.
395 1374 464 1406 lv.
501 1366 541 1408 6.
654 1364 769 1409 Ενθα
804 1384 919 1410 ποτε
953 1383 1148 1427 >oona-cmv

651 1443 756 1488 Διος
788 1460 951 1493 αιητων
983 1435 1223 1502 παρὲδρος]

155 1545 188 1565 “
210 1545 378 1590 Αιετων
433 1556 689 1591 commune
746 1545 928 1592 habent
990 1545 1222 1609 plerique.
1311 1544 1419 1593 Ald.
1476 1561 1591 1596 vero

156 1625 189 1644 “
219 1621 468 1669 nobiscum
490 1620 658 1685 legit.”
719 1619 874 1669 Editt.
906 1620 1098 1670 Oxonn.
1148 1621 1328 1669 Versus
1363 1621 1590 1670 nimirum

154 1696 384 1744 fulciendi
428 1696 588 1761 gratia
627 1687 914 1745 'vocabulum
958 1697 1046 1745 viri
1098 1696 1274 1744 eruditi
1318 1712 1380 1745 ex
1422 1696 1591 1744 ultima

154 1772 376 1820 barbarie
431 1775 776 1821 accersendum
830 1773 1128 1839 judicarunt.
1223 1774 1404 1839 Ecquis
1460 1774 1589 1822 enim

153 1864 367 1912 unquam
390 1850 592 1897 obsecro
615 1849 819 1898 Graecus
837 1841 992 1906 'uam-os
1014 1865 1105 1913 pro
1128 1872 1271 1901 αιετος
1306 1856 1586 1913 usurpatum

151 1926 392 1988 patienter
414 1923 632 1973 tulisset?
670 1925 1002 1973 Certissimum
1028 1926 1221 1989 quidem
1246 1932 1319 1973 est
1340 1925 1589 1990 vulgatum

153 2024 327 2059 aze-rw,
362 2003 431 2049 uti
455 2010 710 2050 senserunt
731 2003 819 2049 viri
842 1994 1226 2059 docti‚⁴metricae
1250 2002 1425 2050 rationi
1446 2001 1590 2066 plane

153 2079 410 2127 adversari.
481 2079 611 2126 Huic
635 2079 803 2144 utique
823 2079 982 2127 versui
1004 2080 1325 2142 respondent:

224 2185 305 2252 [21
322 2210 365 2228 =
382 2185 478 2251 12]
576 2209 676 2235 αντ.
703 2210 747 2235 α.
816 2209 947 2237 σὀνος·Δ
966 2206 1193 2252 αιχμηπιο
1203 2187 1242 2213 3⁸
1267 2209 1459 2235 ναυταις.

224 2271 305 2332 [48
319 2272 471 2334 :27.]
541 2294 673 2337 στρο.
693 2274 746 2333 β.
816 2271 934 2322 δεσιν
961 2293 1298 2323 ανσπασσαντες
1308 2272 1347 2300 3⁹
1369 2273 1504 2330 ἆμοις·

223 2359 306 2421 [62
320 2358 471 2420 :35.]
573 2382 672 2407 αντ.
692 2361 745 2420 β.
817 2365 969 2410 Ξενιον
989 2382 1216 2417 μαστευσε
1238 2358 1391 2410 δουναι·

225 2444 311 2511 [89
325 2444 476 2508 =50.]
539 2458 675 2511 ’στρω
696 2468 747 2509 Ὑ.
818 2453 986 2512 Κριτον
1009 2448 1178 2512 εὖρησει
1201 2464 1428 2510 Ύυναικων·

222 2532 333 2595 [103
347 2554 389 2573 =
403 2532 502 2595 58.]
592 2555 687 2581 αντ.
705 2554 756 2595 Ὑ.
819 2539 1004 2583 Πυκιναν
1026 2555 1154 2591 μητιν
1176 2541 1395 2585 κλυοντες.

210 2677 274 2712 38.
301 2675 504 2728 αἰχματᾶο
515 2686 562 2711 ex
574 2673 674 2711 Aldo
688 2679 724 2712 et
739 2674 844 2712 Gott.
952 2678 1017 2718 39.
1063 2674 1119 2712 Sec
1153 2667 1447 2715 α’νὰσπάσαντες·
1489 2674 1587 2712 Coll.

159 2736 327 2787 Heynius
361 2744 398 2776 et
436 2737 569 2776 Boeck.
611 2737 694 2775 vide
730 2738 845 2789 Pyth.
899 2737 1035 2774 Eman.
1066 2736 1182 2784 α’μοῖς,
1210 2739 1307 2789 quod
1326 2738 1459 2777 dicitur
1470 2737 1587 2777 AEoli-

159 2814 189 2849 1,
219 2806 254 2840 8.
898 2812 1000 2847 cum,
1018 2799 1210 2839 Boeckizcs.

1625 1039 1687 1079 54
