1864 3132
963 212 1063 263 120

298 334 371 376 est
395 328 524 392 quod
548 327 716 376 volunt
740 329 963 393 plerique
993 336 1312 388 contractum,
1349 346 1442 379 nec
1464 346 1581 381 vero
1604 334 1736 396 quod

300 406 386 455 Vir
409 407 481 455 Cl.
524 422 740 470 praesens
768 407 912 456 indic.
949 407 1243 458 futuri‘loco
1277 417 1597 474 usurpatum;
1649 413 1735 460 sed

298 482 467 529 formae
503 482 823 548 subjunctivae
858 500 967 550 quae
1001 486 1230 550 temporis
1257 485 1410 534 futuri
1432 486 1479 535 vi
1503 487 1734 550 quodam-

298 560 442 606 modo
466 575 562 606 non
588 552 700 627 rai-o
722 562 918 627 gaudet,
954 562 1031 610 vel
1054 563 1214 628 potius
1236 563 1513 630 significatu
1536 564 1736 629 proprio

298 636 359 683 ad
383 637 466 691 ἳνα,
492 636 592 684 sive
615 659 706 703 χρη
729 641 809 696 ἱνα,
834 639 1141 688 subauditum
1166 639 1389 688 refertur.
1461 640 1639 688 Similis
1662 647 1737 711 est
1819 691 1830 712 ‹

298 729 412 760 usus
436 714 572 762 verbi
597 738 706 762 ποιω
728 715 1040 778 plut—Eva»
1062 715 1109 764 δε
1131 737 1179 764 τι
1202 728 1367 774 ΠΟΙΩ;
1403 717 1453 764 id
1477 718 1607 782 quod
1629 716 1734 765 tari-

298 792 497 839 tundem
523 799 596 839 est
619 794 749 858 quod
773 793 980 858 Aug-lice
1005 794 1208 841 dicimus
1243 791 1348 841 But
1380 793 1512 841 what
1545 799 1678 843 must
1714 792 1743 840 Ι

297 869 404 919 do?
472 870 650 919 Similis
688 871 854 920 itidem
894 895 976 920 του
1011 882 1182 921 ΣΙΩΠΩ
1216 870 1344 921 Ran.
1377 877 1500 920 1165.
1553 871 1638 920 ubi
1675 873 1736 920 de

297 947 531 1012 Euripide
571 947 861 1013 AEschylust
925 954 1035 1010 ΕὙω
1073 971 1224 997 σιωπω
1258 945 1372 1010 τῳδε
1410 970 1478 1011 ’γς
1533 946 1676 996 Mus&
1714 946 1745 995 Ῑ

298 1027 419 1076 hold
456 1044 538 1093 my
578 1032 765 1090 tongue
794 1027 888 1093 for
923 1026 1021 1075 this
1059 1025 1288 1075 coxcomb
1310 1026 1335 1074 ,⁷
1411 1026 1577 1092 Atque
1621 1024 1738 1073 hine

297 1106 489 1172 quidem
528 1106 644 1153 mihi
674 1105 957 1171 suggeritur
990 1106 1114 1154 alter
1149 1106 1294 1153 etiam
1328 1105 1463 1153 locus
1488 1104 1594 1171 jam
1623 1102 1735 1151 olim

295 1183 554 1249 insigniter
577 1189 853 1247 corruptus,
875 1182 959 1230 ubi
983 1183 1108 1231 idem
1131 1181 1335 1231 verbum
1359 1181 1577 1229 similiter
1599 1193 1736 1226 usur·

295 1266 462 1324 patum
506 1257 698 1324 legitur.
794 1257 855 1305 Ei
893 1265 1055 1306 autem
1094 1258 1146 1306 in
1181 1265 1464 1308 transcursu
1499 1255 1734 1305 medicam

297 1352 493 1384 manum
515 1335 635 1383 libet
661 1335 932 1383 admovere.

299 1479 499 1545 Ly'sistr.
524 1489 624 1529 530.

366 1584 455 1642 Σνγ
490 1601 524 1626 ω
557 1600 803 1644 καταρατε.
860 1587 945 1626 ΠΡ.
983 1587 1155 1627 ΣΙΩΠΩ
1188 1597 1287 1639 ’γω;
1338 1578 1428 1620 ΑΥ·
1466 1579 1554 1623 Και
1588 1596 1738 1623 ταυτα

565 1673 834 1721 καλυμματα
862 1669 977 1730 φερε
1451 1645 1463 1650 -
1580 1662 1583 1668 ⁴
1725 1729 1727 1731 q

367 1760 478 1822 Περι
517 1778 601 1812 την
641 1739 858 1820 κεφαληι).
905 1765 989 1805 ΠΡ.
1027 1758 1109 1811 Μη
1151 1774 1221 1802 νυν
1260 1749 1386 1817 ζῳην.
1433 1762 1521 1802 ΑΥ.
1558 1754 1663 1797 Αλλ
1701 1769 1739 1796 ει

563 1867 679 1893 τουτ
716 1840 923 1899 εμποδιον
955 1862 1039 1899 σοι,
1375 1862 1377 1865 f

498 1939 603 1998 Παρ
631 1955 735 1988 εμου
768 1954 897 1980 τουτι
926 1953 984 1978 το
1017 1936 1223 1984 καλυμμα
1251 1929 1411 1989 λαβων

500 2027 596 2088 Εχε
624 2044 693 2069 και
725 2024 908 2086 περιθου
934 2042 1035 2085 περι
1068 2041 1154 2073 την
1187 2024 1406 2086 κεφαλην,
1493 2005 1497 2007 >

499 2114 635 2172 Κᾳτα
667 2131 828 2158 σιωπα.

297 2244 358 2296 In
391 2259 534 2292 versu
566 2242 723 2310 primo
759 2240 918 2290 Musis
957 2240 1117 2289 invitis
1155 2239 1441 2305 producitur
1472 2238 1606 2304 prior
1641 2236 1740 2305 syl··

295 2322 407 2374 laba
428 2321 566 2371 verbi
589 2327 716 2387 φερε.
789 2319 934 2381 Quod
970 2318 1054 2382 qui
1082 2317 1301 2383 legitime
1325 2316 1431 2367 fieri
1455 2332 1594 2381 posse
1619 2331 1734 2364 con-

294 2399 504 2450 tendunt
524 2413 608 2445 eos
633 2395 754 2446 nihil
784 2394 1042 2445 morandos
1073 2409 1265 2442 censeo.
1336 2392 1492 2456 Atqui
1522 2407 1585 2440 ne
1607 2390 1734 2440 forte

293 2476 533 2540 arripiant
564 2475 695 2537 quod
717 2473 849 2538 apud
871 2472 1166 2537 Athenaeutp
1188 2471 1403 2520 occurrit
1431 2467 1582 2536 [IX.]
1617 2483 1731 2535 pag.

294 2561 393 2604 408.
422 2551 508 2620 [E.
535 2549 607 2617 8.]

191 2664 258 2727 76
394 2675 415 2698 ¹¹⁴
435 2670 523 2713 Και
552 2661 604 2721 3η
632 2661 955 2721 δεδειπνηκασιν
988 2666 1034 2712 αὶ
1062 2683 1272 2725 Ὑυναικες,
1308 2669 1431 2712 αλλα
1459 2667 1617 2727 φερειν

427 2759 523 2819 Ωρα
556 2775 657 2802 στιν
686 2749 763 2811 ηδη
792 2776 873 2805 τας
902 2752 1140 2819 τραπεζας,
1174 2775 1275 2802 ειτα
1304 2773 1642 2821 σι-αρακορησαι.ι
1712 2816 1716 2819 1
