1864 3132
845 226 911 276 89

148 326 224 377 Ibi
258 343 374 378 vero
413 328 452 377 si
495 342 572 378 res
615 319 897 392 postularet*
927 328 1060 378 nullo
1095 318 1296 396 neg-otio
1332 331 1582 381 emendari

146 413 323 471 posset,
363 412 530 456 Ελιπον
563 405 666 469 7.3³
702 406 774 453 uti
808 413 857 453 et
891 404 988 454 ουδε
1022 423 1111 471 pro
1145 427 1276 466 ουτε;
1320 425 1431 457 nam
1466 409 1585 458 illud

148 484 382 534 sermonis
420 483 584 532 Graeci
641 483 764 531 ratio
819 483 1043 546 postulat.

1120 484 1303 533 Verum
1347 493 1402 534 ut
1445 486 1584 535 istam

149 558 310 608 OEden
352 558 564 622 Pindaro
603 558 877 624 abjudicem
923 558 1051 606 inter
1105 560 1200 608 alia
1252 577 1329 609 me
1373 562 1585 621 adducit,

149 627 278 701 quod
317 636 383 684 ibi
422 653 517 686 vox
550 641 713 699 Αυγινα
742 636 908 684 media
941 636 1013 685 bis
1049 644 1271 702 correpta
1305 653 1451 688 verss,
1485 638 1583 687 scil.

148 720 217 762 86.
267 719 317 760 et
362 725 455 762 122.
514 713 818 772 adhibeatur,
871 729 981 762 cum
1038 721 1201 762 tamen
1259 716 1442 781 syllaba
1473 716 1589 779 ‚ista

147 791 276 855 apud
310 790 575 838 Pindarum
617 802 667 839 14
700 790 751 838 in
797 790 914 840 locis
952 790 1170 857 aliosque
1205 793 1387 857 ubique
1420 800 1589 858 poetas

147 867 459 931 producatur.
509 864 631 914 Voci
653 889 788 930 α’γνος
805 866 978 916 ,AEoles
1002 884 1353 934 nonnunquam
1376 870 1588 934 adspira-

149 944 330 991 tionem
357 944 463 991 Vau
484 939 760 1008 praefecisse
782 945 960 993 exinde
983 945 1177 1012 colligo,
1201 947 1333 1010 quod
1350 947 1587 1004 Lacones,

149 1028 272 1069 teste
295 1021 557 1085 Hesychio‚
591 1022 758 1084 βαγιος
791 1022 1090 1073 scriberent:
1129 1023 1230 1072 sive
1263 1024 1391 1072 istud
1423 1025 1591 1087 βωγιος·

149 1097 519 1161 concipiendum
577 1097 639 1163 sit
693 1103 876 1162 wa‘yaoe,
934 1115 1020 1148 seu
1066 1099 1150 1148 ubi
1195 1099 1361 1148 AEoles
1406 1117 1467 1159 w,
1524 1099 1590 1163 ibi

205 1222 270 1258 33.
298 1216 465 1257 e’As'orov-r'
479 1218 570 1256 Ald.
587 1218 700 1267 Rom.
718 1217 848 1259 ἔλιπον

151 1282 238 1320 Par.
258 1281 303 1319 C.
324 1282 429 1319 Med.
459 1282 510 1318 A.
530 1281 576 1318 B.
613 1286 639 1304 “
658 1281 754 1320 Dele
770 1284 847 1330 7⁶?

152 1340 388 1392 Hennam.;
433 1345 460 1383 α’
494 1344 528 1395 ἰγ’
563 1345 693 1387 ἔλιπον
736 1346 846 1384 hodie

155 1411 303 1449 mavult
328 1411 372 1448 de
399 1411 488 1450 dial.
519 1411 627 1448 Pind.
658 1411 702 1450 P.
734 1424 846 1457 V11.;

152 1481 178 1499 “
199 1481 278 1513 erat
297 1487 384 1512 cum
403 1475 487 1514 οὐδὲ
512 1476 765 1525 conjicerem,”
790 1476 848 1513 in-

153 1542 232 1591 quit
267 1540 462 1578 Boeckius.
506 1539 554 1577 R.
573 1541 617 1578 P.
661 1540 740 1579 sine
769 1542 848 1580 ulla

153 1605 360 1654 suspicione
394 1604 494 1641 hanc
528 1605 642 1642 odam
674 1604 766 1643 citat
798 1606 847 1644 ad

155 1669 224 1707 Or.
246 1673 282 1707 5.
310 1674 348 1706 et
370 1681 455 1706 eam
484 1674 525 1706 ut
550 1669 749 1719 genuinam
775 1671 846 1709 hoc

154 1733 267 1771 modo
283 1733 457 1771 vendicat
476 1733 680 1780 Boeckius;
708 1740 733 1758 “
750 1736 849 1774 The-

153 1799 294 1837 banum
311 1811 350 1836 se
368 1798 562 1848 profitetur
579 1805 711 1837 auctor
738 1812 775 1838 v.
798 1804 846 1838 15

155 1879 199 1899 =
219 1867 283 1902 35.
340 1862 550 1913 Persicique
601 1863 689 1901 belli
738 1870 848 1903 aetate

153 1927 318 1974 vixisse3
347 1941 436 1966 num
467 1940 556 1966 vero
588 1929 748 1978 putabis,
786 1929 848 1980 qui

153 1998 236 2032 tam
260 1993 440 2031 eximium
469 2005 622 2032 carmen
649 1994 848 2043 procudere

154 2048 294 2108 posset,
309 2057 472 2096 alienam
500 2071 699 2109 personam
718 2059 850 2097 menti-

154 2127 238 2159 tum
252 2121 384 2160 fuisse?
413 2123 473 2160 Ac
487 2123 581 2173 quis,
599 2136 737 2174 quaeso,
754 2125 851 2176 ejus-

156 2186 259 2223 modi
282 2187 398 2230 odam
430 2199 651 2236 componere
675 2192 850 2238 poterat?

157 2250 248 2288 Non
285 2250 521 2300 Apollonius,
558 2265 632 2290 non
667 2253 851 2293 Callima-

157 2314 264 2360 chus,
293 2327 366 2351 non
383 2314 617 2363 Theocritus,
645 2319 707 2368 qui
729 2325 851 2358 metra

160 2379 358 2418 Pindarica
368 2392 442 2417 non
450 2380 572 2430 magis
583 2381 850 2432 intelligebant,

160 2457 275 2496 quam
294 2445 550 2483 Aristarchus.
592 2446 735 2485 Verum
765 2449 852 2498 quid

159 2520 272 2557 opera
307 2509 441 2546 abutar
475 2508 513 2545 in
550 2521 588 2546 re
633 2509 852 2559 perspicua?

164 2571 262 2622 Lege
280 2572 404 2618 modo,
419 2571 623 2609 Pindarum
641 2574 865 2622 agnosces.'’⁴‘

162 2634 267 2684 Itane
274 2635 439 2682 tandem,
451 2635 852 2683 Boeckieruditissime‚

160 2704 196 2737 te
209 2700 256 2737 ad
267 2699 534 2738 defendendum
544 2699 737 2738 Dircaeum
744 2707 850 2739 tuum

158 2763 238 2812 ipse
261 2763 423 2814 accingis
439 2765 448 2803 !
494 2763 663 2801 Vacillat
689 2763 852 2813 profecto

162 2832 200 2866 et
210 2828 257 2866 ab
268 2827 370 2866 omni
383 2834 488 2878 parte
501 2827 638 2867 corruit
650 2832 735 2866 tuus
752 2840 854 2867 acer-

899 1232 982 1257 vus.
1020 1219 1163 1257 Probra
1191 1220 1230 1258 in
1260 1220 1478 1258 Dawesium
1506 1232 1592 1257 con-

900 1296 1023 1336 gerere
1067 1298 1142 1323 non
1195 1291 1252 1324 est
1296 1285 1590 1336 argumentando

899 1361 1122 1400 coarguere:
1167 1362 1244 1388 una
1277 1349 1462 1388 refellendi
1497 1349 1592 1387 ratio

900 1419 958 1452 est
983 1419 1050 1452 aut
1076 1414 1273 1452 lectionem
1292 1415 1486 1464 vulgatam
1513 1414 1592 1451 ido·

900 1478 978 1516 neis
994 1478 1176 1528 exemplis
1199 1480 1356 1526 munire,
1386 1478 1447 1516 vel
1464 1490 1591 1515 naevos

901 1554 924 1580 a
941 1542 1069 1580 critico
1092 1543 1259 1581 censoria
1278 1542 1428 1592 virgula
1446 1548 1592 1580 notatos

901 1611 1004 1644 certa
1029 1612 1096 1644 aut
1110 1606 1291 1656 probabili
1308 1607 1453 1645 medela
1470 1605 1595 1655 expel—

900 1671 987 1708 lere.
1044 1670 1152 1708 Nihil
1197 1671 1322 1708 dicam
1358 1671 1402 1707 de
1438 1669 1592 1708 officinis

900 1735 1151 1783 falsariorum,
1196 1736 1258 1787 qui
1300 1735 1592 1774 Ptolomaeorum

903 1805 1012 1837 aetate
1050 1800 1205 1850 ineptias
1253 1813 1339 1839 suas
1381 1802 1591 1839 auctoribus

902 1864 1065 1915 probatis
1097 1865 1329 1914 affricabant,
1361 1872 1398 1904 et
1431 1872 1593 1917 quaestus

903 1942 1017 1967 causa
1044 1934 1141 1967 totos
1170 1929 1283 1967 libros
1309 1930 1593 1981 confingebant3

902 1995 966 2032 sed
995 1993 1142 2032 fuerunt
1176 1994 1327 2032 Pindari
1367 1995 1593 2045 temporibus

902 2057 964 2108 qui
973 2057 1130 2095 Homeri
1143 2063 1179 2095 et
1189 2057 1407 2096 melicorum
1419 2071 1594 2108 personas

902 2121 992 2159 satis
1005 2127 1126 2158 astute
1137 2127 1300 2171 agerent,
1308 2122 1594 2172 etvoluptatem,

903 2184 1057 2222 stultam
1076 2189 1113 2220 et
1129 2183 1311 2221 caducam
1335 2185 1484 2235 quidem
1501 2185 1593 2223 dolis

903 2249 1114 2300 quaesitam,
1154 2247 1319 2285 honestae
1363 2255 1594 2298 posterorum

904 2312 1231 2359 commendationi,
1282 2313 1378 2351 felici
1424 2314 1595 2352 imitandi

894 2378 1026 2415 rstudio
1044 2382 1174 2426 partae,
1193 2382 1458 2426 praeponerent.
1497 2376 1594 2414 Odae

905 2442 1113 2492 pulcritudo
1158 2442 1305 2492 perinde
1358 2455 1420 2479 me
1458 2441 1594 2488 allicit,

905 2506 1082 2553 oblectat,
1107 2506 1265 2552 detinet;
1293 2506 1467 2544 orationis
1486 2517 1595 2554 porro

906 2582 950 2607 ac
994 2569 1082 2619 styli
1127 2568 1250 2607 forma
1293 2575 1330 2606 et
1371 2568 1597 2606 lineamenta

898 2633 1124 2680 Pindarum,
1153 2633 1191 2670 ni
1219 2645 1286 2670 nos
1304 2631 1431 2670 omnia
1446 2631 1594 2676 fallunt,

904 2704 1001 2749 certe
1032 2697 1204 2746 sapiunt·;
1259 2696 1323 2734 sed
1355 2696 1413 2735 sui
1443 2695 1595 2734 omnino

905 2761 1095 2800 dissimilis
1107 2760 1236 2801 fuisset
1248 2761 1281 2800 si
1293 2761 1346 2800 iva
1359 2761 1492 2808 Αἵγῖυα
1506 2769 1594 2797 usus

904 2832 1013 2866 esset.
