1864 3132
849 181 950 231 211

174 304 287 356 quae
323 288 376 337 in
413 287 517 338 istis
561 286 812 353 ὥνθρωπος,
856 284 1071 353 ὠδελφος,
1115 284 1242 347 «imp,
1287 288 1339 331 et
1380 279 1614 331 similibus

176 367 484 416 dominatur.'
536 359 569 397 ὲ*
585 365 718 415 Hinc
761 381 909 430 porro
947 359 1116 414 minus·
1145 363 1333 412 mirum*
1355 362 1614 420 videbitur,
1657 383 1750 423 122

177 443 311 508 quod
353 450 468 491 ante
510 457 655 491 voces
701 445 942 507 ανθρωπος,
986 439 1197 507 αδελφος.
1242 457 1382 505 amp.
1409 446 1505 491 &a
1562 438 1617 486 in

176 519 487 568 Comicorum
534 519 724 583 scriptis
767 518 1002 567 articulus
1052 517 1228 582 saepius
1281 516 1616 573 desideretur;

177 613 289 646 cum
327 598 457 645 inter
494 609 779 664 germanam
820 604 870 646 et
907 612 1107 662 pravam
1148 596 1437 660 scripturam
1471 594 1619 644 unica

175 677 409 742 aspiratio
437 684 595 727 totum
618 678 877 727 discrimen
901 676 1225 731 constituatae.

175 848 201 867 “
216 842 344 883 Velius
371 842 434 880 ille
461 841 519 880 hic
537 841 712 894 fallitur,
742 841 805 892 qui
831 840 873 878 id

177 908 331 947 ascribit
357 908 579 957 aspirationi
605 907 660 954 H,
691 907 788 958 quod
809 907 871 955 de-

180 973 285 1011 betur
301 973 357 1026 τῷ
376 969 419 1022 Ρ,
449 973 576 1022 ὀλίγον
602 974 683 1012 Heri·
702 985 769 1022 pro
793 971 872 1010 ὀλί-

177 1054 247 1086 γον
279 1036 358 1086 Ροΐ,
395 1043 432 1076 et
462 1037 543 1076 α’πό
577 1037 660 1077 Ηέο
690 1049 758 1087 pro
791 1036 872 1074 α’πδ

179 1099 263 1141 Pio.
338 1100 403 1138 Sic
436 1101 538 1139 dedic
576 1100 776 1147 Homerus,
812 1098 871 1138 Ἦ

177 1167 308 1214 ὀλίγον
338 1164 409 1206 For
434 1166 549 1204 παῖδα
583 1165 768 1209 Ρεοικότα
799 1167 874 1214 γεί-

179 1245 275 1266 νατο
294 1229 443 1267 Τυδεύς.
472 1228 610 1277 εῑζὯς
633 1229 787 1276 Fen-edu,
807 1231 874 1268 τό-

177 1294 257 1345 ξον.
270 1292 339 1341 μὲν
364 1292 445 1332 ἆπδ
467 1292 541 1336 Ῑῗὲο
565 1295 653 1341 θῆκε
679 1295 875 1350 χαμᾶζε.υ

181 1357 230 1395 R.
246 1356 293 1394 Β.
349 1359 463 1408 Apud
497 1359 690 1397 Romanos
723 1358 763 1397 H
795 1364 877 1397 erat

180 1424 269 1456 nota
295 1431 374 1469 quoe
397 1420 517 1469 spirat
542 1420 719 1467 anhelum,
751 1421 805 1458 uti
823 1421 878 1458 ait

181 1484 426 1522 Terentianus
456 1485 638 1523 Maurus:
682 1485 720 1522 in
745 1484 876 1522 Litho-

182 1554 299 1588 strato
324 1549 554 1587 Praenestino
579 1550 678 1599 apud
703 1548 810 1587 Shaw
836 1549 875 1586 in

184 1613 376 1652 Itinerario
421 1619 527 1651 extat
575 1611 873 1651 ENHYAPIC·

186 1677 282 1716 Haec
312 1677 541 1728 antiquitatis
565 1677 709 1724 rudera„
741 1676 772 1715 si
801 1677 876 1715 sint

181 1743 352 1795 genuina,
387 1742 523 1780 criticis
558 1742 785 1793 argumentis
821 1742 877 1779 in·-

181 1806 259 1845 dies
275 1803 523 1844 crescentibus
541 1803 722 1851 addenda,
745 1802 875 1853 quibus

182 1872 436 1919 confirmatur,
462 1871 559 1923 quod
575 1869 802 1909 nostratibus
821 1869 875 1914 H,

180 1937 219 1976 id
249 1937 396 1976 Graecis
421 1935 583 1988 antiquis
611 1940 789 1986 praestare
817 1946 878 1971 so·

181 2003 256 2042 lere
292 2002 423 2042 HTA.
477 2002 575 2042 Vide
609 2000 661 2038 R.
681 2000 727 2038 P.
763 1998 877 2050 [Last

179 2055 318 2114 iuncis,
332 2079 372 2116 p.
393 2067 487 2119 12.].
543 2065 669 2104 Satius
697 2070 754 2102 est
779 2063 879 2101 codi-

184 2145 246 2171 ces
262 2145 310 2170 ex
327 2131 578 2170 marmoribus
601 2130 700 2170 notis
720 2128 878 2180 publicis

184 2195 323 2241 incisis,
352 2200 390 2232 et
410 2194 666 2233 maximarum
690 2193 793 2233 haud
822 2204 879 2230 se-

187 2271 252 2297 cus
288 2272 334 2296 ac
368 2259 610 2298 minimarum
648 2272 773 2298 rerum
813 2272 879 2298 ve-

188 2324 346 2363 rissimis
406 2324 599 2371 indicibus,
670 2325 878 2364 emendare.

187 2395 210 2413 “
226 2389 452 2427 Perennibus
477 2388 608 2426 litteris
633 2394 788 2427 exarata
811 2401 878 2427 nec

186 2453 317 2492 lituras
353 2452 556 2502 patiuntur,
592 2464 659 2490 nec
690 2453 879 2491 vermibus

187 2517 442 2563 corroduntur,
489 2527 556 2552 nec
598 2515 700 2553 senio
737 2516 880 2567 situque

189 2580 467 2620 absumuntur.”
521 2578 676 2617 certam
693 2579 733 2616 in
748 2579 820 2618 hac
842 2593 881 2618 re

189 2646 306 2685 habes
321 2645 504 2685 scribendi
523 2645 705 2682 rationem
722 2645 759 2683 in
778 2645 884 2683 Mar-

192 2722 296 2748 more
330 2710 438 2760 Sigeo
477 2708 591 2759 perite
634 2707 880 2759 insculptam3

192 2780 231 2812 et
262 2779 344 2812 tam
378 2772 453 2812 fido
487 2773 635 2823 adjutus
671 2772 881 2812 testimonio

926 838 978 877 R.
994 839 1049 876 D.
1087 839 1240 877 tandem
1273 838 1472 889 aliquando
1499 838 1622 877 evicit.

926 902 1154 942 Marklando
1168 902 1332 953 quidem,
1350 908 1532 954 tanquam
1545 914 1625 940 sur-

925 969 985 1017 do,
1020 968 1188 1007 fabulam
1224 968 1415 1014 narravit;
1462 968 1539 1006 vid.
1575 968 1623 1006 ad

929 1034 1059 1085 Suppl.
1081 1038 1172 1073 852.
1202 1034 1287 1084 Iph.
1307 1033 1396 1072 Aul.
1416 1032 1509 1072 644.

981 1102 1048 1137 33.
1082 1098 1198 1136 Prout
1225 1098 1264 1135 in
1283 1096 1491 1147 exemplari
1509 1109 1575 1135 suo
1602 1110 1626 1133 a

927 1176 989 1201 me
1013 1162 1132 1201 obiter
1158 1163 1338 1212 inspecto,
1369 1155 1626 1211 Aristophani,

927 1228 1067 1266 deliciis
1079 1228 1154 1266 suis
1163 1228 1409 1266 redonaverat
1420 1225 1626 1264 Matthaeus

929 1291 1059 1343 Raper
1072 1308 1087 1336 ;
1159 1292 1334 1341 Ἀγάθων
1369 1291 1527 1329 Thesm.
1559 1294 1624 1330 30.

933 1362 1022 1395 101.
1044 1356 1238 1407 Tyrwhitt.
1268 1356 1392 1404 Ἀγών
1414 1356 1516 1393 Acb.
1531 1360 1624 1402 391.

927 1424 990 1471 (ω’ς·
1009 1423 1158 1472 σκῆψιν
1181 1422 1282 1469 α’·γιδν
1308 1420 1418 1459 οὗτος
1445 1423 1488 1458 οὖ
1505 1437 1626 1474 προσ--

930 1484 1079 1537 δέξεται
1108 1486 1156 1524 R.
1178 1485 1226 1524 P.
1260 1484 1407 1531 Tracts,
1427 1497 1464 1533 p.
1482 1488 1546 1528 29.
1575 1485 1622 1522 ad

931 1551 999 1587 Ar.
1023 1549 1087 1587 Br.
1106 1563 1144 1599 p.
1164 1548 1246 1599 65.)
1271 1549 1436 1600 α’δελφός
1465 1550 1621 1588 Thesm.

929 1618 1022 1653 412.
1059 1613 1254 1664 Tyrwhilt.
1310 1615 1488 1662 α’θμονεῦς
1530 1615 1622 1654 Pac.

928 1682 1023 1722 918.
1051 1678 1101 1716 R.
1120 1677 1174 1715 D.
1193 1690 1229 1727 p.
1249 1681 1341 1717 258.
1366 1684 1403 1716 et
1427 1678 1624 1728 Tyrwhitt.

928 1740 1032 1795 ἅναξ
1061 1743 1175 1792 vesp.
1208 1740 1299 1780 816.
1343 1743 1624 1795 Ἀναφλύστιος

932 1808 1029 1847 Ran.
1047 1812 1141 1846 430.
1186 1807 1294 1845 Conf.
1324 1809 1370 1848 R.
1391 1808 1438 1846 P.
1469 1810 1518 1846 ad
1552 1810 1622 1849 Or.

935 1872 1049 1913 1645.
1094 1874 1188 1927 ἀνήρ
1225 1873 1327 1912 Nub.
1361 1878 1476 1920 1029.
1524 1875 1623 1915 Rau.

934 1943 1052 1977 1530.
1095 1939 1166 1990 Eq.
1187 1942 1277 1978 511.
1298 1942 1391 1984 755.
1423 1941 1476 1980 R.
1496 1940 1552 1979 D.
1587 1955 1624 1992 p.

932 2008 1023 2043 252.
1048 2009 1085 2042 et
1105 2003 1301 2054 Tyrwhitt.
1344 2005 1514 2043 Acham.
1532 2009 1624 2052 239.

932 2075 970 2108 et
989 2068 1184 2120 Tyrwhitt.
1202 2073 1294 2108 422.
1313 2074 1405 2116 493.
1423 2069 1516 2110 626.
1533 2076 1624 2116 837-

933 2136 1047 2184 vesp.
1068 2139 1161 2179 207.
1181 2133 1274 2180 269.
1293 2141 1330 2173 et
1346 2137 1393 2175 R.
1404 2135 1459 2174 D.
1477 2150 1513 2187 p.
1533 2135 1624 2181 267.

933 2204 1025 2239 343.
1044 2203 1137 2244 913.
1182 2201 1271 2238 Pac.
1290 2199 1385 2246 649.
1435 2201 1538 2240 Eccl.
1560 2201 1625 2241 62.

933 2270 970 2303 et
988 2267 1037 2304 R.
1058 2263 1113 2303 D.
1138 2278 1176 2315 p.
1195 2270 1287 2310 217.
1307 2271 1399 2304 204.
1419 2271 1511 2306 354.
1534 2267 1626 2314 367.

933 2330 1035 2380 vulg.
1054 2330 1211 2368 Thesm.
1229 2335 1322 2369 453.
1341 2335 1433 2371 502.
1455 2339 1492 2370 et
1508 2335 1557 2373 R.
1572 2334 1627 2372 D.

934 2406 970 2443 p.
988 2396 1079 2431 328.
1102 2392 1295 2442 Tyrwln'tt.
1312 2391 1406 2435 642¹.
1426 2394 1517 2446 Lys.
1532 2402 1627 2436 221.

936 2460 1028 2494 222.
1062 2459 1154 2493 514.
1190 2459 1307 2500 1119.
1360 2462 1397 2495 et
1432 2457 1627 2507 Tyr-whitt.

933 2518 960 2557 ἅ
962 2520 1073 2572 νκθρα
1077 2535 1111 2556 ες·
1137 2518 1305 2557 Acharn.
1323 2523 1415 2564 347.
1445 2527 1481 2560 et
1504 2523 1552 2561 R·
1572 2521 1626 2559 D.

935 2594 972 2631 p.
984 2585 1076 2619 331.
1094 2580 1121 2618 ἅ
1122 2582 1288 2634 repares·
1306 2582 1462 2621 Thesm.
1477 2588 1514 2623 2.
1536 2584 1626 2635 Lys.

935 2651 1029 2692 988.
1092 2643 1117 2692 ἦ
1118 2648 1282 2700 νθρωπος
1320 2648 1410 2699 Lys.
1442 2653 1535 2694 935.
1591 2655 1627 2688 et

939 2708 1133 2759 Tyr-wluin.
1210 2728 1343 2766 αρχων
1386 2713 1499 2763 Vesp.
1535 2719 1625 2753 303.

939 2779 1054 2814 1103.
1082 2775 1356 2829 Ἀχραδοῦσιος
1377 2778 1519 2819 Eccles.
1534 2779 1625 2819 362.

1246 2851 1268 2877 F
1291 2852 1314 2880 F
