1786 3178
198 251 313 300 xviii
777 265 1054 299 PRAEFA'rlo.

202 363 390 412 excusis
413 362 507 410 ista
530 377 813 426 quaererem,
848 372 1083 426 nusquam
1118 373 1408 424 apparuere.
1480 358 1639 419 Quam

194 452 454 518 jacturam,
503 449 618 496 mihi
664 449 863 508 scilicet,
908 465 1007 498 non
1049 448 1333 513 reipublicae
1376 447 1641 505 litterariae,

203 536 381 585 factam
416 534 550 583 nulla
583 534 851 600 diligentia,
881 535 1096 600 quamvis
1137 551 1371 583 summam
1409 534 1643 582 adhibue-

204 624 309 680 rim,
343 637 570 685 reparare
601 628 868 687 potueram.
942 623 1185 687 Opposuit
1225 622 1474 670 materiem
1507 620 1643 668 festi-

206 716 321 757 nata
345 724 508 772 opera,
545 708 745 758 fortuito
779 709 938 773 potius
974 710 1256 775 congestam
1293 725 1436 775 quam
1461 707 1646 756 affabre
1695 763 1697 765 ,

206 797 514 846 elaboratam.
589 802 620 823 “
639 798 817 858 Quare,
863 799 1042 848 Lector
1063 800 1292 864 benigne,
1333 798 1511 846 laboris
1534 797 1646 856 mei,

206 886 364 944 velim,
389 886 552 935 faveas
575 893 703 945 voto,
730 887 985 954 indulgeas
1009 887 1276 936 audaciae.’'

272 972 534 1038 Reliquum
583 990 733 1022 unum
780 974 896 1022 illud
939 982 1027 1033 est,
1087 975 1219 1038 quod
1262 974 1522 1038 plurimum
1569 990 1653 1023 me

208 1059 385 1108 Museo
431 1059 728 1109 Britannico
771 1060 1023 1127 Praefecti,
1069 1068 1118 1110 et
1169 1059 1382 1125 collegii
1429 1060 1476 1109 S.
1505 1060 1552 1108 S.
1603 1067 1650 1109 et

209 1147 367 1197 Indiv.
423 1147 692 1197 Trinitatis
735 1150 867 1213 apud
918 1149 1350 1215 Cantabrigienses
1394 1149 1651 1214 propensae

208 1238 301 1285 hac
323 1237 373 1284 in
397 1253 452 1285 re
474 1238 711 1286 voluntati
735 1239 915 1286 debere
938 1237 1183 1301 profitear.
1254 1236 1411 1285 Sociis
1440 1235 1654 1302 colleg-ii

209 1325 334 1375 Jesu
362 1327 556 1386 ibidem,
591 1335 790 1393 propter
825 1344 1061 1377 summam
1095 1327 1244 1375 animi
1278 1327 1652 1392 benignitatem,

210 1423 323 1464 vota
375 1417 540 1465 facere
587 1417 718 1466 nullo
760 1434 975 1482 unquam
1019 1424 1240 1480 tempore
1287 1416 1546 1464 desistam:
1607 1420 1658 1462 et

211 1502 584 1550 beneficentiam
633 1503 903 1551 “Virorum
943 1502 1328 1551 doctissimorum
1373 1508 1522 1567 atque
1560 1500 1657 1549 'hu-
1717 1538 1719 1542 Α

199 1589 615 1646 ’τηειῐιίεεὶῐηοῐωῃ,
655 1590 829 1654 quibus
861 1588 1215 1653 Typographei
1249 1588 1401 1639 nostri
1435 1603 1552 1636 cura
1574 1588 1661 1636 de·v

216 1678 445 1724 mandata
474 1682 595 1736 est,'’
628 1677 852 1742 jucunda
887 1682 937 1723 et
969 1681 1112 1739 grata
1149 1674 1499 1732 recordatione,
1542 1674 1656 1722 dum

216 1767 384 1823 vivam,
441 1765 751 1829 complectar.
841 1762 1120 1822 Quinetiam
1176 1776 1384 1824 pronum
1440 1760 1656 1809 animum

218 1852 496 1902 Reverendi
542 1858 591 1899 et
635 1849 855 1914 perdocti
901 1848 1002 1906 viri,
1053 1845 1283 1895 Edvardi
1326 1845 1526 1908 Moises,
1575 1847 1659 1913 qni

219 1954 394 1986 munus
416 1954 446 1985 a
470 1937 697 1986 Dawesio
721 1935 832 1983 olim
867 1941 1139 1998 susceptum
1174 1935 1411 1983 hodierno
1442 1935 1522 1984 die
1556 1942 1656 1984 tam

220 2023 423 2069 honeste
455 2022 736 2084 exsequitur
768 2020 1070 2086 feliciterque
1104 2021 1365 2086 gubernat,
1403 2027 1574 2086 gratus
1609 2025 1660 2068 et

223 2123 407 2155 memor
429 2123 657 2173 agnosco.
730 2106 818 2154 Est
842 2113 890 2154 et
913 2106 1048 2162 alter,
1073 2107 1303 2173 egregius
1328 2123 1445 2155 sane
1466 2107 1551 2165 vir,
1577 2104 1670 2171 qui

224 2199 390 2240 nostra
413 2199 525 2240 vota
547 2209 637 2257 pro
673 2209 760 2241 suo
795 2194 845 2240 in
882 2193 1161 2242 Davvesium
1197 2194 1356 2242 studio
1384 2192 1661 2242 humaniter

225 2279 479 2343 promovit,
517 2287 567 2328 et
589 2280 726 2346 cujus
749 2280 915 2328 laudes
938 2296 1025 2328 sua
1046 2281 1280 2330 modestia
1301 2280 1548 2345 opprimit.
