1864 3132
950 196 1018 246 38

263 316 358 351 vox
391 300 723 366 diphthongus
757 298 978 362 (licentia
1015 299 1209 364 quidem
1248 300 1329 350 vix
1366 298 1693 365 defendenda)
1827 270 1864 335 'l

262 378 467 443 primam
511 376 625 424 alibi
675 377 808 440 apud
851 375 1206 427 Terentianum
1252 377 1465 442 corripit.
1558 377 1696 427 Intra
1852 375 1855 383 '

261 469 453 502 versum
477 451 647 516 utique
670 453 934 502 secundum
957 453 1178 518 legimus,

163 559 220 602 13
284 553 387 600 *EI
412 551 587 599 deinde
606 557 724 601 Ιωτα
747 550 926 602 Graeca
950 553 1079 619 quod
1102 554 1439 620 diphthongus
1459 558 1521 603 EI
1533 559 1693 603 sonat.

260 659 310 701 et
331 669 446 718 pag.
472 669 607 718 sequ.
642 654 674 703 1.
699 666 769 710 29.

325 742 428 791 Pes
461 750 626 793 tamen
659 760 761 793 non
793 751 867 793 est
905 744 1163 804 trochaeus,
1206 745 1322 811 quia
1358 745 1694 811 diphthongus

456 819 639 869 extima
674 826 759 869 est.

255 906 428 956 Liceat
471 907 630 956 obiter
686 922 885 957 monere
950 907 1307 957 Terentianum
1363 924 1506 958 versu
1562 908 1695 958 hunc

253 983 547 1047 excipiente,

319 1081 572 1148 Dactylus
591 1099 712 1133 nam
725 1098 818 1149 pes
832 1090 887 1133 et
907 1083 991 1133 ille
1014 1091 1086 1134 est
1106 1082 1236 1133 nube
1257 1083 1368 1133 nati
1389 1099 1479 1133 ceu
1501 1083 1615 1143 duo,

251 1168 314 1217 ad
338 1169 508 1234 virgil.
534 1169 648 1218 AEn.
671 1186 762 1218 vn.
789 1177 889 1222 674.
916 1169 1212 1234 respexisse:

317 1268 426 1317 Ceu
449 1270 545 1318 duo
569 1270 833 1336 nubigenae
856 1286 969 1319 cum
990 1268 1174 1318 vertice
1194 1267 1373 1317 montis
1395 1267 1458 1316 ab
1483 1267 1600 1317 alto.

251 1368 349 1428 Qui
372 1369 464 1417 nisi
488 1369 679 1436 Virgilii
703 1371 836 1419 locus
858 1368 1030 1418 lectori
1054 1367 1105 1414 in
1131 1373 1345 1415 mentem
1367 1367 1547 1435 veniat,
1583 1366 1691 1415 fieri

249 1445 331 1494 vix
354 1452 515 1509 potest
537 1453 592 1494 ut
615 1447 732 1510 quid
748 1447 839 1494 sibi
857 1447 936 1493 hic
950 1443 1067 1493 velit
1083 1442 1416 1492 Terentianus
1435 1442 1689 1510 intelligat.

248 1519 450 1585 Nempe
467 1522 685 1587 dactylus
704 1538 848 1585 quem
867 1520 983 1568 dicit
1005 1524 1078 1567 est
1101 1516 1204 1567 Ceu
1226 1518 1322 1567 duo
1333 1538 1356 1575 ;
1392 1518 1512 1567 illud
1527 1525 1690 1567 autem

248 1596 379 1645 nube
400 1598 513 1647 nati
533 1598 816 1662 aequipollet
839 1620 903 1660 τῳ
924 1595 1204 1659 nubigeme.

316 1696 496 1744 Versus
520 1696 679 1760 quinti
702 1702 908 1744 metrum
932 1695 1001 1743 sic
1023 1694 1195 1742 lubens
1220 1694 1563 1758 compleverim
1584 1714 1595 1745 ε
1683 1736 1690 1739 ,

249 1793 366 1842 Sola
389 1792 578 1842 vocalis
601 1792 730 1858 quod
745 1797 787 1840 U
804 1792 918 1840 data
934 1790 1185 1854 comptam
1207 1789 1340 1839 hunc
1358 1791 1482 1840 satis
1495 1807 1682 1841 sonum.

247 1901 330 1951 Sic
353 1918 468 1968 pag.
492 1913 564 1950 20.
588 1900 620 1949 l.
650 1911 715 1950 13.

313 1991 512 2041 Neutra
528 2007 682 2056 porro
705 1990 766 2040 de
787 1987 984 2039 duabus
1005 1996 1123 2039 ante
1143 1996 1243 2039 tres
1264 1988 1390 2039 istas
1413 1991 1538 2039 data.

247 2094 369 2160 Pag.
395 2105 465 2147 39.
501 2092 532 2141 l.
557 2104 600 2141 2.

311 2181 404 2231 Ast
425 2180 556 2230 enim
584 2178 774 2228 Graius
803 2177 983 2227 locabit
1017 2177 1408 2245 quandocunque
1441 2175 1572 2226 hanc
1607 2177 1684 2226 ul-

446 2257 637 2316 timam,
675 2255 925 2325 [voculam
952 2253 1017 2322 E]

312 2334 427 2384 Sive
448 2335 504 2384 in
522 2351 622 2384 uno
646 2334 1061 2398 comprehensam,
1097 2331 1199 2381 sive
1221 2331 1277 2381 in
1297 2331 1445 2380 verbo
1462 2332 1598 2396 pari,

316 2412 596 2462 Consonam
617 2429 718 2461 non
741 2416 798 2463 Ξι
813 2411 1028 2478 jugabit,
1063 2408 1180 2476 qnia
1213 2425 1331 2460 sono
1366 2408 1464 2459 levi
1484 2410 1646 2460 studet
1657 2429 1680 2467 ;

441 2491 603 2541 malim
626 2491 726 2539 leni
736 2488 778 2517 ²3

297 2609 363 2643 22.
399 2603 522 2642 Hodie
538 2597 627 2642 vero
644 2602 812 2653 legerim,
842 2601 939 2653 quod
990 2598 1069 2647 26„
1099 2599 1138 2638 in
1170 2600 1275 2639 Mus.
1297 2600 1391 2640 erit.
1418 2611 1471 2646 11,
1507 2601 1609 2646 195„
1643 2597 1683 2638 6.

243 2671 316 2708 ista
351 2668 505 2720 complet
522 2690 577 2697 —-
594 2667 635 2704 h.
668 2671 707 2703 e.'
735 2665 876 2704 vocalis
912 2678 937 2702 u
992 2665 1450 2708 Cur.Sec;ad‚Cic,Tusc.
1469 2676 1501 2711 1,
1519 2664 1682 2711 xxxviii,

243 2733 355 2773 modo
372 2737 593 2772 memorata.
613 2731 724 2769 R.D.
745 2729 851 2768 Curae
865 2742 937 2767 sec.
990 2729 1044 2768 xl.
1088 2734 1126 2768 et
1159 2727 1362 2768 Withofius
1400 2727 1448 2765 ad
1487 2727 1682 2773 Disticha,

299 2800 364 2836 23.
394 2795 503 2836 Conf.
521 2794 569 2835 R.
582 2794 628 2835 B.
646 2794 695 2834 ad
713 2792 809 2833 Hor.
825 2794 877 2832 A.
891 2793 937 2832 P.
988 2807 1026 2845 p.
1045 2796 1138 2834 541.
1168 2794 1253 2835 Sen.
1272 2793 1388 2843 Hipp.
1409 2796 1471 2832 12.
1515 2792 1591 2832 Ubi
1616 2803 1684 2842 per
1841 2788 1856 2813 ”
