1864 3132
126 1240 219 1293 295

931 203 1034 253 518

265 309 435 357 tationi
461 325 600 368 unuS,
627 310 709 374 qui
731 308 860 359 infra
883 310 940 358 V.
971 320 1095 362 1470.
1120 309 1341 364 habetur,
1371 307 1505 357 locus
1527 308 1699 370 mirum

264 388 315 436 in
340 389 532 437 modum
556 388 714 438 favet:

568 484 732 527 Πολλα
767 475 818 540 δη
852 501 921 526 και
954 501 1077 527 καινα
1111 482 1317 547 καιῗθαυ-

566 578 694 611 μαστ
729 565 1167 614 ΕΠΕΠΤΟΜΕΣΘΑ,
1201 579 1269 603 και

560 640 702 682 Accua
736 654 965 698 πραγματ·
999 642 1278 685 ΕΙΔΟΜΕΝ.

265 722 317 772 Si
357 723 464 789 quis
500 730 663 772 autem
703 745 933 777 πεπτατο,
987 723 1079 770 hoc
1115 729 1204 780 est,
1254 740 1490 771 επεπτατο
1530 724 1700 772 eodem

262 819 408 851 sensu
441 803 641 851 retineri
668 802 884 868 legitime
919 817 1060 865 posse
1098 802 1354 858 existimet,
1395 817 1458 849 eo
1479 802 1611 866 quod
1631 801 1702 849 ita

262 895 361 927 non
397 880 545 928 semel
583 880 814 943 scriptum
852 878 1073 944 legatum
1112 878 1335 943 equidem
1377 894 1454 927 me
1494 891 1593 926 non
1634 877 1703 926 ita

259 957 616 1006 incommodum
643 957 853 1005 habebit.
913 956 1010 1003 Sed
1039 955 1240 1004 alteram
1265 954 1549 1020 scripturam
1573 952 1703 1019 apud
1742 995 1747 998 χ

261 1037 450 1085 Atticos
471 1038 757 1102 plerumque
781 1036 1002 1084 obtinere
1025 1035 1180 1083 video.
1237 1034 1397 1098 Supra
1420 1035 1559 1083 Vers.
1583 1043 1652 1083 35.

357 1146 750 1185 ΑΝΕΠΤΟΜΕΣΘ
785 1158 831 1183 εκ
867 1158 943 1193 της
979 1132 1191 1200 πατριόος
1225 1140 1392 1199 αμφοιν
1427 1133 1589 1186 ποδοιν.

261 1224 363 1273 *V.
391 1236 491 1279 319.

350 1300 493 1369 Ανδρε
527 1325 621 1368 ’γαρ
653 1311 1009 1365 λεπτολογιστα
1044 1299 1142 1367 δευρ
1174 1305 1366 1367 αφικονθ
1396 1324 1449 1352 ως
1482 1299 1589 1366 cue]

260 1392 387 1441 Satis
410 1393 490 1440 hic
514 1394 668 1441 visum
693 1399 767 1441 est
801 1392 874 1440 Cl.
901 1392 1112 1440 Kustero
1136 1390 1380 1439 monuisse
1408 1388 1699 1439 MS.-Vatic.

258 1485 350 1532 pro
385 1476 743 1532 λεπτολοὙιστα
775 1470 956 1518 habere
993 1467 1427 1533 newvoaocpzcrraflw
1483 1468 1548 1516 At
1571 1467 1727 1515 enim'

258 1547 494 1595 utrumvis
516 1546 711 1612 legeris,
746 1563 938 1594 versum
974 1546 1178 1610 perinde
1214 1546 1565 1597 claudicantem
1600 1560 1702 1592 am-

257 1622 497 1686 plecteris.
570 1622 768 1688 Nempe
804 1624 985 1672 utrovis
1027 1625 1168 1671 modo
1208 1624 1257 1670 in
1293 1624 1437 1671 tertia
1467 1620 1701 1670 trochaici

259 1699 374 1749 sede
396 1716 485 1764 pro
509 1701 725 1748 trochaeo
762 1701 880 1749 duas
917 1707 1106 1748 tantum
1142 1702 1315 1749 breves
1350 1700 1556 1765 syllabas
1586 1716 1701 1748 con·

259 1778 445 1826 stitues.
517 1777 671 1826 Nunc
710 1785 873 1826 autem
913 1777 1098 1842 accipe,
1141 1779 1270 1844 quod
1301 1795 1331 1825 a
1360 1778 1529 1827 Poetae
1553 1791 1699 1826 manu

259 1852 531 1915 profectum
556 1870 660 1901 esse
686 1854 855 1918 quovis
878 1855 1085 1920 pignore
1109 1854 1442 1902 contenderim
1464 1874 1475 1904 z

329 1948 471 2017 Ανδρε
494 1974 590 2017 γαρ
615 1962 799 2000 ΛΕΠΤΩ
825 1963 1069 2000 ΣΟΦΙΣΤΑ
1094 1951 1192 2018 δευρ
1215 1956 1407 2019 αφικονθ
1427 1972 1486 2001 εις
1507 1974 1600 2008 ene.

262 2047 503 2111 Equidem
527 2048 567 2095 si
588 2056 744 2098 λεπτω
761 2057 963 2111 >myro-‘ra
988 2050 1185 2107 scribas,
1209 2050 1271 2097 ad
1290 2065 1481 2097 versum
1496 2049 1700 2113 perinde

261 2124 383 2180 erit;
441 2125 654 2172 Alteram
701 2142 817 2174 vero
862 2126 1119 2175 lectionem
1159 2126 1430 2190 praefero²²¹
1478 2128 1570 2176 hoc
1615 2129 1700 2176 ad-

261 2202 451 2258 ductus,
496 2203 625 2266 quod
660 2203 710 2250 in
748 2203 934 2251 Comici
971 2204 1158 2267 scriptis
1190 2211 1416 2270 σοφιστης
1448 2221 1547 2254 non
1571 2221 1699 2264 raro,

260 2284 483 2339 λογιστὴς
506 2294 622 2326 vero
647 2296 708 2327 ne
741 2281 889 2328 semel
924 2281 1115 2345 quidem
1149 2282 1490 2346 conspiciatur.
1560 2282 1700 2331 Post-

262 2371 406 2420 quam
431 2355 536 2403 haec
560 2357 746 2422 scripsi,
777 2359 828 2406 in
852 2358 963 2407 edit.
991 2359 1136 2407 Basil.
1165 2370 1286 2409 1532.
1314 2367 1471 2409 λεπτω
1494 2369 1699 2423 λογιστὰ

262 2439 430 2481 extare
453 2433 606 2483 video.

261 2544 393 2583 tium.”
435 2544 660 2581 PEARSON.
693 2544 799 2583 Vind.
828 2546 957 2598 Ignat.
1010 2547 1100 2585 Ald.
1118 2545 1184 2596 (R.
1201 2547 1266 2598 B.)
1309 2548 1397 2585 Bas.
1427 2549 1542 2585 1532.
1576 2547 1698 2599 [Junt.

264 2621 317 2647 11.
345 2621 383 2658 p.
406 2612 494 2653 191.
543 2607 653 2646 Conf.
675 2608 770 2646 Crit.
790 2609 952 2658 Review,
1009 2612 1132 2649 ambae
1152 2611 1199 2649 P.
1217 2613 1264 2650 P.
1279 2612 1381 2663 D.]·’
1409 2610 1459 2648 R.
1476 2610 1522 2648 P.
1554 2611 1698 2650 Deinde

263 2673 379 2722 April
395 2675 511 2710 1804.
525 2684 564 2721 p.
582 2676 676 2716 457.
705 2673 819 2711 Plura
832 2687 953 2724 perse·
1007 2674 1176 2727 α’φῖχθον
1195 2674 1316 2712 Codd.
1337 2675 1435 2712 Rav.
1454 2679 1491 2711 et
1514 2673 1550 2710 V
1547 2675 1614 2713 iet.

263 2739 325 2790 qui
344 2737 548 2776 abstinebo.
1061 2743 1152 2777 221.
1189 2740 1358 2778 Eandem
1406 2739 1570 2788 praetulit
1617 2738 1696 2779 Ra-

319 2806 410 2841 220.
450 2800 626 2838 ἰλεπταὶ
659 2802 829 2847 >loquo-‘ra‘
871 2803 951 2840 edd.
1000 2815 1125 2852 perus.
