1864 3132
151 268 218 316 8¹1⁴

670 366 862 422 Ζήσοιτε
885 366 1143 432 τρισόλβιοι
1166 367 1303 432 α’·-γροῖ

460 268 896 308 ΠΑΡΑΔΕΙΣΟΥ
935 268 1385 311 ΑΠΟΛΩΛΟΤΟΣ
1427 274 1480 313 Α.

1658 378 1756 419 250

149 443 555 508 Χαρματοόικητοι·
597 445 794 509 φοβεραὶ
824 441 857 491 δ’
885 445 1132 511 ἑπιχαίρετ’
1158 445 1326 512 ἔρημοι,

148 519 322 579 Κόσμος
355 521 610 586 ὑποχθόνιός
643 543 710 579 τε,
762 522 823 569 Σι)
855 519 889 569 δ’
916 520 1050 581 “Ἀδης
1082 524 1411 589 εὐρυβάθιστος

146 592 360 660 ἨὙεμόῦ
396 596 591 660 ἐνδέξαιο
627 595 822 657 νεήλυδα,
873 601 956 649 τόν
991 622 1051 664 *γε
1087 602 1224 659 νοήμα

143 671 224 724 Ου
257 677 384 739 τόπῳ
419 675 514 726 οὐδε
549 678 698 744 χρόνῳ
732 683 1016 736 μετακίνητον
1050 682 1296 746 φορεόντα.

141 750 417 805 Αυτοτόπος
452 755 546 807 νόος
578 756 693 815 ἐστὶ,
743 762 814 804 καὶ
848 757 1125 824 αὑτοφύεσσ
1160 759 1369 828 ἀρετ-ᾗσιν

1651 770 1746 810 255

141 825 356 896 Ουρανον
388 830 441 879 ἂν
475 831 665 899 περίοιδε
698 834 984 896 μεταλλάξαι
1019 857 1072 885 τε
1105 858 1175 884 και
1201 834 1352 895 ’Ἀδηω

136 909 419 959 Ἀυτότατος
453 909 486 958 δ’
521 910 590 977 ἄρ’
619 912 700 960 ἐων
735 913 862 961 τιπτ’
899 909 955 961 αὑ
979 918 1207 976 μελετῷμι
1235 916 1411 975 τόποιο,

141 990 220 1049 Τῷ
253 987 384 1042 μόνον
416 989 491 1037 οὐκ
522 994 615 1041 ἶσος
648 1012 730 1038 τον
763 990 1098 1055 ὖπερμεγαλυνε
1130 992 1356 1058 κεραυνός;

139 1063 269 1113 Ἀλλ’
298 1063 376 1115 ὧδε
411 1068 650 1132 προέθηκεν
682 1068 921 1134 ἐλευθερίης
954 1068 1222 1119 ἀπολαύσειν

141 1145 359 1208 Αφθονος,
394 1144 494 1193 ἀλλ’
531 1143 686 1195 ἐνθένδ’
718 1145 970 1212 ’Υψίζυγος
1003 1147 1159 1195 ου’πότ’
1181 1148 1425 1214 ἀπείργει.

738 1301 1140 1333 ANNOTATIONES.

193 1379 232 1405 v.
260 1367 576 1413 250.-Ζη’σοιτε
601 1367 820 1423 τρισόλβιοι
845 1370 912 1416 α’·γ-

967 1375 1130 1420 quenter
1144 1369 1350 1409 admodum
1366 1370 1540 1410 invenire
1557 1376 1615 1409 est
1631 1382 1641 1408 :
1671 1369 1743 1409 hu-

137 1429 220 1483 ροὶ]
243 1432 340 1471 Haec
365 1433 607 1471 valedicendi
624 1433 760 1478 forma,
781 1433 912 1471 habito
961 1433 1129 1483 jusmodi
1149 1438 1237 1471 sunt
1256 1434 1321 1472 illa
1345 1433 1447 1484 apud
1469 1433 1586 1471 Hom.
1607 1445 1745 1472 occur-

139 1496 255 1534 etiam
275 1496 322 1535 ad
343 1509 389 1535 ea
414 1510 501 1548 quae
528 1497 671 1535 odimus
688 1505 720 1533 et
747 1509 912 1534 arcemus

140 1566 331 1611 respectu,
377 1559 700 1611 quemadmodum
738 1558 776 1595 in
812 1556 911 1594 Ver-

138 1622 244 1660 sione
272 1622 447 1669 adhibui,
479 1622 582 1674 apud
607 1621 707 1673 Vir-g,
728 1622 910 1665 occurrit,

140 1683 273 1723 Bucol.
295 1685 405 1724 VIII.
427 1691 493 1725 58.
536 1685 666 1724 Vivite
693 1684 834 1737 Sylvae3
874 1690 913 1721 et

94 1786 98 1789 .
137 1748 242 1799 apud
278 1748 476 1795 Catullum,
513 1749 561 1789 ΙΙ.
597 1754 657 1788 17.

139 1810 244 1848 vivat
261 1811 455 1861 valeatque
472 1811 628 1848 moeclcz's.

191 1949 229 1975 v.
261 1939 350 1975 252.
388 1935 546 1983 Κόσμος·
584 1933 811 1989 ὖποχθόνιός
847 1949 906 1981 τε,

138 1998 198 2036 Σιῗ
225 1998 254 2038 δ’
275 1999 396 2046 Ἀδης
433 1999 727 2054 εὐρυβοίθιστος]
768 2000 906 2039 Imma*

70 2103 75 2108 ,
138 2064 198 2102 nis
225 2063 378 2103 videtur
409 2064 577 2104 Bentleio
610 2066 673 2103 hic
702 2076 782 2102 esse
817 2078 908 2100 ταυ-

137 2128 327 2183 τολογίας
357 2129 457 2167 hanc
484 2136 612 2167 autem
648 2127 711 2166 Vir·
738 2127 904 2165 Doctiss.

135 2193 207 2243 (uti
239 2198 278 2230 et
312 2192 417 2238 alios,
464 2199 579 2243 prout
614 2192 686 2244 ipsi
725 2191 906 2231 videntur

136 2257 298 2305 errores)
338 2269 412 2295 non
440 2255 620 2303 Miltono,
657 2269 771 2307 quem
809 2255 906 2306 opti-

135 2333 200 2359 me
212 2332 363 2371 semper
376 2319 567 2370 scripsisse
579 2318 776 2357 contendit
789 2320 906 2369 (prae-

133 2394 287 2420 sumens
312 2381 426 2420 simul
453 2394 492 2419 se
521 2381 614 2433 quid
641 2381 688 2419 sit
714 2381 904 2432 optimum

134 2457 289 2497 semper
316 2444 480 2491 novisse)
496 2444 560 2483 sed
596 2444 733 2483 fictitio
750 2444 905 2484 cuidam

135 2509 286 2550 Editori
304 2508 475 2547 ascribit.
531 2507 636 2546 Mihi
654 2514 783 2546 autem
803 2508 905 2546 haud

135 2573 254 2612 licere
263 2571 429 2611 arbitror
447 2572 687 2616 Lectionem,
708 2584 795 2623 quae
817 2571 909 2609 huc-

135 2646 254 2685 usque
268 2633 413 2685 ubique
425 2633 608 2679 obtinuit,
628 2646 679 2671 ex
694 2633 773 2671 sola
796 2633 909 2672 Bent-

133 2697 199 2735 leii
230 2697 455 2747 conjectura
489 2696 649 2746 rejicere
661 2713 672 2744 ;
707 2710 778 2735 nec
800 2709 905 2746 vero,

131 2759 162 2798 si
207 2760 356 2805 liceret,
403 2759 628 2810 rejicerem3
684 2759 902 2809 hujusmodi

132 2821 238 2861 enim
269 2823 515 2874 Repetitiones
547 2822 611 2860 vel
643 2823 769 2874 potius
800 2822 908 2861 Peri-

123 2885 282 2937 plaerases
298 2885 402 2938 apud
420 2885 586 2938 optimos
598 2885 813 2939 Scriptores
833 2885 909 2925 fre-

715 1748 807 1787 Cum
832 1748 914 1786 suis*
930 1798 933 1799 ⁷

969 1495 1308 1534 rentia—Oa'varos
1345 1495 1405 1533 καὶ
1440 1500 1555 1548 μοῖρα
1600 1496 1742 1547 passim

965 1559 1153 1605 -θανεῖν,
1181 1558 1241 1596 καὶ
1261 1559 1410 1607 πότμον
1426 1559 1598 1598 ἐπισπεῖν
1618 1559 1667 1597 Il.
1686 1558 1741 1598 Η.

968 1627 1034 1662 52.
1063 1622 1230 1661 θάνατον
1257 1623 1315 1661 καὶ
1346 1625 1498 1672 πότμον
1529 1624 1740 1675 passim.—

968 1686 1088 1732 Δηίσυ
1120 1687 1159 1725 ἐκ
1185 1687 1369 1736 πολέμοιο
1389 1687 1447 1725 καὶ
1465 1687 1566 1733 αι’νῆς
1585 1686 1740 1734 δηϊοτῆ-

965 1765 1033 1788 τος·
1067 1750 1114 1789 11.
1143 1750 1195 1789 H.
1223 1757 1309 1792 119.
1349 1752 1571 1790 Notandum
1605 1759 1662 1790 est
1696 1753 1737 1792 in

963 1813 1098 1852 ultimo
1115 1814 1296 1865 exemplo
1325 1827 1399 1852 non
1429 1820 1578 1852 tantum
1596 1828 1737 1854 sensum

961 1874 1028 1912 sed
1047 1881 1086 1912 et
1103 1875 1230 1927 ipsum
1248 1887 1389 1925 magna
1407 1887 1456 1913 ex
1479 1881 1590 1925 parte
1608 1885 1737 1912 sonum

960 1939 1078 1988 repeti
1086 1961 1137 1966 -—-
1149 1936 1249 1983 δηΐου
1258 1961 1312 1966 -
1321 1932 1538 1984 ὃηῖότητος.
1619 1938 1737 1977 Libet

961 2000 1077 2038 etiam
1097 2001 1192 2039 illud
1221 2002 1322 2040 Divi
1337 2001 1424 2040 Joh.
1446 2001 1616 2052 adjicere
1633 1998 1737 2052 Apo-

959 2065 1034 2102 cal.
1066 2069 1104 2103 9.
1142 2069 1181 2103 6.
1218 2063 1450 2117 ζητήσουσιν
1479 2067 1516 2102 οἱ
1544 2062 1735 2116 ἅνθρωποι

961 2127 1030 2164 τόν
1049 2127 1228 2176 θάνατον,
1256 2128 1318 2166 καὶ
1336 2130 1401 2166 ου’κ
1422 2128 1644 2184 εὑρήσουσιν
1673 2129 1736 2165 αὖ·

960 2191 1041 2228 τόν·
1090 2190 1149 2227 καὶ
1184 2191 1475 2239 ἐπιθυμήσουσιν
1516 2191 1731 2238 ἀποθανεῖν,

960 2253 1018 2292 καὶ
1042 2254 1224 2306 φεύξεται
1254 2258 1278 2292 ὁ
1307 2255 1472 2295 θάνατος·
1496 2254 1563 2292 ἀπ’
1591 2255 1732 2294 αὕη-ὂν.

959 2318 1126 2356 Βεηιίεἰο
1145 2325 1273 2357 autem
1294 2319 1351 2367 (ni
1372 2319 1498 2366 fallor)
1515 2317 1634 2357 instar
1651 2331 1733 2357 om-

958 2379 1065 2418 nium
1089 2379 1389 2418 videbiturillud
1409 2379 1574 2419 Horatii
1627 2379 1731 2420 Quid

958 2444 1055 2482 foret
1100 2443 1182 2482 Iliae
1248 2443 1512 2497 Mavortisque
1553 2445 1653 2483 Puer
1699 2444 1731 2482 si

959 2505 1198 2543 taciturnitas
1271 2505 1453 2544 Obstaret
1487 2505 1633 2544 meritis
1667 2506 1731 2544 in-

962 2566 1053 2606 vida
1071 2567 1222 2606 Romuli
1239 2570 1259 2604 ?
1313 2581 1428 2619 quem
1447 2568 1486 2606 in
1506 2568 1633 2606 locum
1655 2567 1730 2605 ali-

963 2632 1060 2683 quis,
1094 2631 1204 2680 cujus
1216 2630 1405 2680 judicium
1422 2631 1461 2669 in
1483 2631 1645 2670 dubium
1663 2631 1729 2670 vix

964 2694 1118 2734 vocabit
1135 2693 1333 2740 Bentleius,
1350 2694 1435 2733 haec
1449 2694 1587 2732 habet:
1617 2699 1643 2716 “
1654 2693 1732 2734 Ro-

962 2757 1055 2797 muli
1075 2769 1213 2795 nomen
1240 2758 1438 2808 subjungit
1451 2756 1610 2808 (Poeta)
1637 2770 1728 2797 cum

963 2835 1051 2862 eum
1070 2822 1372 2874 περιφραστικῶς
1385 2821 1467 2871 jam
1486 2821 1727 2861 nominasset.

964 2887 1096 2937 Atque
1114 2884 1179 2924 alii
1199 2885 1252 2924 ita
1270 2885 1399 2924 Poetae
1418 2897 1492 2924 non
1513 2885 1639 2923 raro.''

1645 1147 1744 1199 260
1811 1201 1814 1204 .
