1864 3132
698 601 1049 671 SEcT.I.

766 763 961 793 ψ

249 871 693 929 Emendationes
722 870 943 926 seleetoe
982 871 1045 926 in
1086 871 1487 928 Terentianum

716 958 1020 1014 Maurum.

284 1101 711 1176 Tannnmmo
756 1141 848 1175 usu
898 1125 1089 1175 venisse
1134 1127 1473 1191 comperimuS,
1531 1130 1588 1173 ut

153 1203 400 1252 fortunam
414 1203 739 1269 Hesychianae
764 1219 908 1267 quam
934 1203 1140 1251 maxime
1162 1203 1418 1269 gemellam
1442 1201 1593 1250 fuerit

154 1285 400 1343 expertus.
438 1278 657 1327 Tantum
682 1294 781 1328 non
798 1279 921 1328 adeo
943 1285 1073 1327 totus
1096 1285 1304 1342 uterque
1326 1277 1590 1335 intercidit,

153 1362 210 1404 ut
230 1354 426 1403 unicum
450 1355 702 1419 utriusque
726 1355 974 1420 exemplar
995 1355 1264 1419 aliquando
1278 1354 1590 1419 superfuerit.

116 1469 119 1475 .
154 1431 338 1494 Neque
358 1431 510 1495 igitur
532 1432 694 1479 mirari
718 1434 882 1481 subest
903 1432 1028 1481 illius
1052 1432 1254 1496 perinde
1277 1438 1426 1494 atque
1449 1431 1594 1496 hujus

154 1508 382 1571 reliquias
417 1508 602 1555 mendis
636 1509 767 1556 haud
798 1509 986 1558 levibus
1020 1515 1221 1556 scatere.
1294 1508 1439 1568 Quod
1471 1509 1511 1556 si
1542 1509 1593 1555 in

155 1582 574 1649 Hesychiolonge
598 1583 751 1649 major
786 1599 932 1648 quam
966 1599 1058 1647 pro
1093 1583 1263 1648 majori
1297 1585 1442 1630 etiam
1467 1583 1594 1630 mole

154 1662 371 1711 locorum
407 1667 747 1724 corruptorum
776 1676 1005 1709 numerus
1029 1661 1370 1724 conspiciatur,
1406 1663 1456 1709 id
1478 1677 1595 1710 vero

156 1741 332 1790 exinde
356 1739 618 1805 contigisse
641 1740 937 1788 censendum
960 1745 1048 1797 est,
1084 1740 1216 1802 quod
1237 1755 1268 1786 a
1302 1740 1461 1788 multis
1486 1740 1593 1806 jam

156 1817 347 1867 saeculis
370 1816 605 1865 sermonis
627 1815 839 1864 Romani
870 1815 1019 1881 longe
1053 1816 1236 1881 majore
1261 1832 1405 1880 quam
1429 1817 1595 1866 Graeci

157 1895 334 1960 peritia
355 1894 429 1942 usi
452 1894 548 1942 sint
578 1910 678 1942 non
712 1894 866 1943 solum
900 1894 1084 1943 librarii
1107 1896 1193 1943 sed
1214 1902 1264 1944 et
1286 1896 1596 1945 humaniores

156 1971 380 2036 plerique
415 1986 596 2018 omnes.
668 1970 810 2019 Fecit
844 1972 1038 2035 quidem
1074 1972 1371 2021 eruditorum
1403 1989 1520 2022 cura
1542 1979 1598 2021 ut

156 2049 209 2098 in
233 2048 481 2113 Hesychio
502 2048 678 2113 ingens
702 2049 987 2098 mendorum
1012 2050 1232 2098 cumulus
1255 2058 1444 2114 partem
1467 2051 1599 2099 haud

158 2128 387 2193 exiguam
432 2125 702 2174 decreverit
727 2145 738 2176 :
791 2125 910 2173 fecit
952 2125 1118 2174 itidem
1163 2133 1218 2175 ut
1263 2127 1598 2176 Terentianus

160 2206 291 2253 haud
313 2204 461 2271 paulo
483 2204 797 2252 emaculatior
819 2204 1053 2253 evaserit(
1083 2205 1182 2253 Sed
1205 2207 1412 2255 necdum
1435 2213 1598 2257 tamen

161 2282 384 2347 perfecit,
421 2282 538 2344 quin
560 2287 711 2329 restet
731 2282 890 2329 adhuc
912 2281 965 2329 in
987 2288 1196 2346 utroque
1220 2283 1332 2331 satis
1354 2299 1600 2348 superque

161 2357 325 2421 ampla
348 2356 587 2417 materieS,
610 2357 661 2403 in
686 2371 783 2419 qua
805 2373 856 2404 se
881 2372 1110 2406 exercere
1132 2359 1285 2421 possit
1307 2359 1599 2408 Criticorum

162 2436 301 2502 genti
325 2435 556 2498 quicquid
579 2441 653 2482 est
674 2435 872 2501 ingenii.
911 2437 1008 2484 Eos
1025 2439 1086 2485 ad
1103 2444 1358 2502 utramque
1376 2440 1601 2504 Spartam

165 2515 495 2582 adornandam
534 2524 555 2545 '⁵
571 2515 836 2563 studiorum
866 2533 1062 2564 suorum
1085 2518 1437 2582 aliquantulum
1469 2526 1602 2568 certe

167 2593 441 2641 conlaturos
473 2606 735 2654 speramus.
807 2592 1010 2641 Interim
1049 2610 1165 2642 vero
1197 2595 1317 2643 libet
1355 2602 1405 2643 et
1445 2595 1600 2654 nobis,

168 2671 494 2736 qualicunque
539 2683 763 2717 successu
800 2670 851 2717 in
887 2686 941 2717 re
977 2670 1144 2718 critica
1177 2672 1392 2729 versatis,
1434 2687 1601 2719 eorum

170 2762 281 2811 quae
303 2746 353 2794 in
385 2744 691 2794 Terentiano
723 2745 854 2793 haud
887 2746 1033 2809 plane
1069 2748 1355 2811 poenitenda
1384 2748 1603 2796 videmur

169 2839 449 2887 occupasse,
485 2828 674 2887 partem
708 2821 788 2870 hic
809 2822 1020 2886 aliquam
1044 2826 1390 2874 secernendam
1414 2838 1599 2872 curare.
