1864 3132
942 253 1046 316 486

274 358 475 407 verbum
499 358 606 423 εζων
628 358 852 416 refertur,
878 365 1114 424 germana
1134 365 1223 416 est,
1254 358 1438 422 quaeyin
1463 357 1713 422 Euripidae

274 437 490 502 Cyclope
514 443 647 484 extat
670 453 791 485 vers.
824 448 918 485 1⁶21.

445 541 680 601 Σπειρουσι
704 533 742 595 ἃ,
780 560 805 593 η
830 546 923 584 ΤΩΙ
950 544 1091 595 ΖΩΣῘ,
1127 541 1365 599 Δημητρος
1389 520 1592 599 στάχυη

341 627 410 663 ΣΙ.
450 626 709 671 ΓΑΛΑΚΤΙ,
740 639 809 664 και
834 625 1070 671 ΤΥΡΟΙΣῙ,
1103 638 1173 664 και
1194 623 1342 673 μηλων
1364 624 1550 662 ΒΟΡΑΙ.
1627 626 1631 630 ’

272 716 358 767 Isti
382 722 545 764 autem
571 739 607 764 ει
630 738 699 765 τις
724 737 1038 782 προσεταῄττεν
1054 743 1123 751 —-
1139 715 1246 780 εζων
1272 737 1323 761 αν
1347 713 1510 761 similis
1531 711 1709 786 passim

271 793 497 840 occurrit.
570 792 737 840 Unum
773 793 889 841 illud
927 787 1188 840 Menandri
1220 793 1454 838 adducam
1487 789 1618 855 quod
1641 784 1733 861 ⁸3⁰2

270 871 612 937 refingendum
637 871 803 919 statuit
827 870 899 918 Cl.
928 870 1179 918 Bentleius
1204 872 1306 934 [pp.
1333 883 1370 927 1,
1395 869 1495 932 2.:]

406 965 554 1024 ΕῙπερ
577 982 657 1007 τον
679 956 877 1007 αδικουντ
899 981 1092 1013 ασμενως
1118 967 1400 1005 ΗΜΥΝΕΤΟ

406 1029 609 1087 Εκασέωςι
638 1036 772 1094 ἡμων,
806 1059 874 1083 και
906 1044 1356 1094 ΣΥΝΗΓΩΝΙΖΕΤΟ,

405 1118 513 1163 Ισως
548 1112 723 1178 νομιζων
757 1111 861 1160 ιδιον
896 1135 1000 1160 ειναι
1035 1135 1092 1159 το
1127 1133 1319 1174 ὟεὙονος
1366 1113 1368 1115 ’

402 1180 614 1248 Ἀδικημα,
650 1213 715 1238 και
751 1199 1167 1237 ΣΥΝΕΠΡΑΤΤΟΝ
1203 1196 1417 1245 αλληλοις
1452 1182 1624 1253 πικρῶς·

400 1263 499 1314 ‘Ome
534 1276 613 1313 AN
649 1289 722 1313 επι
757 1274 912 1314 πλειον
946 1288 1004 1313 το
1038 1287 1166 1312 κακον
1199 1265 1295 1322 ἧμιν
1332 1265 1636 1314 ΗΥΞΕΤΟ.181

269 1355 327 1403 In
367 1355 545 1403 Clerici
591 1354 804 1402 editione
848 1355 1030 1419 legitur
1071 1376 1410 1417 ‹ruvrpywvco-aro
1440 1360 1489 1401 et
1527 1354 1707 1415 ηυξατο.

262 1429 454 1479 Contra
493 1437 654 1479 autem
697 1432 768 1479 vir
808 1432 900 1490 Cl.,
943 1437 975 1456 “
998 1431 1268 1488 Nesciebat
1293 1432 1380 1479 Vir
1402 1429 1709 1478 Clarissimus

133 1496 231 1558 276
269 1509 298 1538 *
313 1512 344 1532 “
368 1507 586 1556 Clericus
610 1508 727 1556 illud
751 1518 1192 1557 ΣΥΝΗΓΩΝΙΣΑΤΟ
1217 1509 1461 1573 Corripere
1484 1516 1707 1574 quartam
1768 1570 1771 1574 ff

269 1591 302 1611 “
324 1585 573 1651 syllabam,
610 1588 660 1633 et
683 1585 863 1639 idcirco
886 1587 936 1634 in
961 1588 1152 1635 senario
1175 1594 1304 1636 stare
1326 1587 1406 1635 hic
1429 1603 1528 1635 non
1549 1600 1705 1653 posse.

268 1667 301 1687 “
325 1663 684 1729 Corrigendum
710 1671 813 1712 erat
834 1684 844 1713 ε

474 1756 506 1775 “
530 1756 735 1802 Εκαστος
758 1752 876 1807 ἡμων
902 1748 967 1801 'cde
1000 1763 1464 1802 ΣΥΝΗΓΩΝΙΖΕΤΟΖ
1508 1782 1512 1785 ·

268 1843 301 1865 “
325 1841 456 1903 quod
480 1847 529 1888 et
556 1842 839 1904 praecedens
856 1859 859 1861 ·
875 1852 1173 1901 HMYNETO,
1214 1849 1263 1891 et
1303 1843 1454 1906 quod·
1473 1841 1706 1890 continuo

268 1920 300 1939 ‘⁶
322 1916 541 1980 sequitur
579 1927 1010 1977 ΣΥΝΕΠΡΑΤΤΟΝ,
1051 1927 1311 1984 utrumque
1351 1918 1578 1982 temporis
1616 1917 1703 1964 im-

267 1998 300 2017 “
320 1993 541 2056 perfecti,
575 1995 878 2057 apertissime
902 1996 1249 2044 demonstrant.

266 2079 467 2126 Ibidem.
515 2085 608 2127 Ουκ
641 2102 694 2127 αν
728 2104 799 2128 cm
836 2090 990 2130 πλειον
1024 2104 1080 2130 το
1113 2104 1243 2131 κακον
1276 2083 1375 2138 ἧμιν
1409 2083 1574 2145 ηυξατο

516 2160 580 2203 To
614 2178 703 2204 των
738 2180 950 2221 πονηρων.

267 2247 299 2270 “
509 2242 629 2290 Non
653 2251 905 2307 tantopere
926 2246 1116 2295 malum
1135 2243 1407 2297 adauctum
1429 2255 1570 2308 esset,

516 2321 733 2386 Quodfit
756 2327 787 2370 α
811 2323 971 2372 malis.

309 2443 401 2477 181.
417 2439 743 2480 “Phileleutherus
755 2442 955 2492 Lipsiensis
1012 2446 1135 2484 Vertit
1153 2446 1455 2492 Sanctamamlus,
1483 2450 1506 2469 “
1521 2451 1559 2483 et
1585 2459 1623 2483 se
1646 2445 1703 2483 in—

265 2505 601 2560 fl'vvn‘rwfoffl'QCt
612 2507 764 2559 ἥυξετο.
789 2508 955 2557 Optime,
1009 2514 1123 2551 ricem
1155 2515 1283 2551 acerbe
1314 2527 1386 2551 una
1415 2512 1701 2550 ulciscerentur.-

265 2571 302 2608 ni
321 2569 462 2608 fallor.’'
479 2569 673 2622 Gotofrid.
699 2572 900 2611 Richterus
917 2575 955 2611 in
1011 2577 1070 2614 vel
1100 2576 1133 2613 si
1162 2576 1315 2614 invicem
1337 2588 1460 2626 pamas
1483 2586 1555 2612 una
1573 2577 1702 2614 acerbe

266 2634 375 2683 Spec·
407 2634 502 2672 ObS·
537 2634 630 2672 Crisa·
667 2649 704 2685 P·
731 2641 798 2681 95-
844 2638 955 2676 Conf·
1009 2647 1202 2680 sumerent.
1253 2641 1307 2679 ita
1342 2657 1473 2694 πικρως·
1508 2642 1699 2691 geminum

264 2699 418 2736 Jortin’s
433 2698 613 2737 Remarlcs
627 2713 673 2738 on
691 2702 836 2741 Eccles.
854 2704 956 2743 Hist.
1011 2718 1160 2743 sensum
1199 2710 1335 2743 servat.
1404 2705 1500 2742 Vide
1541 2707 1589 2743 ab
1627 2706 1698 2743 hoc

257 2773 295 2806 χ,
326 2775 362 2811 p.
387 2767 475 2801 180.
503 2763 559 2801 ed.
582 2767 695 2802 1805.
725 2771 761 2803 et
775 2765 815 2803 S.
828 2766 955 2804 Parr’s
1009 2784 1046 2807 v.
1067 2771 1130 2808 3.’'
1166 2770 1401 2823 Bur-gessius.
1431 2770 1569 2814 Confer
1586 2783 1700 2822 supra

269 2822 455 2866 Warburt.
489 2827 635 2875 Tracts,
671 2842 733 2879 pp.
770 2835 858 2879 179,
890 2835 953 2869 80.
1010 2850 1046 2886 p.
1066 2840 1160 2876 423.
