1786 3178
463 617 1291 693 PRAEFATIO.

788 804 983 828 ..φ-

290 944 389 1003 Dn
422 946 860 1001 Miscellaneam-um
900 947 1199 997 Criticorum
1242 945 1450 993 utilitate
1495 944 1593 991 die-

154 1049 305 1100 turus,
351 1056 451 1088 non
496 1041 583 1088 abs
628 1055 683 1087 re
727 1038 820 1086 erit
866 1036 1098 1101 exiguum
1143 1033 1256 1082 vitae
1303 1029 1595 1091 curriculum

156 1127 388 1178 Dawesio
432 1136 599 1178 nostro
637 1130 818 1186 datum,
860 1132 1097 1192 quantum
1136 1124 1255 1172 mihi
1294 1127 1597 1185 compertum

157 1224 245 1275 est,
282 1224 332 1265 et
355 1233 589 1265 summam
613 1215 718 1282 ejus
752 1214 941 1280 ingenii
974 1212 1202 1269 indolem,
1240 1226 1386 1275 quam
1409 1204 1598 1273 potero,

155 1305 440 1354 brevissime
466 1305 772 1352 interserere.

236 1374 522 1441 -Rlciuums
548 1393 822 1441 DAwnqus
847 1390 954 1439 vico
977 1389 1184 1454 Angliee
1213 1387 1343 1436 dieto
1376 1385 1600 1434 Market-

162 1477 420 1528 Bosworth
470 1481 520 1527 in
566 1480 704 1544 Agro
744 1477 1067 1527 Leicestrensi
1108 1477 1256 1524 Anno
1301 1490 1441 1523 sacro
1490 1483 1600 1525 1708

161 1565 394 1612 oriundus
416 1565 578 1628 potius
611 1565 816 1629 ingenio
839 1579 985 1625 quam
1019 1577 1310 1625 proavorum
1349 1565 1604 1608 stemmate

164 1650 402 1709 inclaruit
461 1650 640 1697 Primis
667 1649 842 1700 litteris
877 1648 968 1696 sub
1002 1647 1155 1695 tutela
1183 1644 1388 1696 Antonii
1421 1643 1606 1698 Black-

164 1736 295 1794 wall,
338 1735 556 1802 magistri
589 1735 761 1793 fidelis,
799 1734 1140 1791 imbuebatur3
1193 1734 1298 1782 sed
1296 1727 1381 1789 εὖ
1422 1731 1608 1798 majora

162 1821 320 1869 indies
343 1821 515 1869 enixus
539 1819 756 1873 culturae
759 1835 907 1869 causa
921 1821 983 1868 ad
1002 1820 1199 1869 Ludum
1210 1819 1606 1877 carthusianum,

165 1907 205 1956 si
241 1907 334 1956 rite
367 1907 534 1957 audita
565 1907 811 1969 recordor,
852 1913 1087 1971 protenus
1121 1908 1341 1965 transiit;
1389 1914 1440 1956 et
1476 1925 1608 1956 anno

171 2003 295 2045 1725.
348 1993 622 2062 Collegium
646 1973 1005 2051 Ε’ΒὶβῐιιιεΙθῐιεθ
1027 1995 1160 2058 apud
1177 1994 1608 2059 Cantabrigienses

168 2078 460 2129 Dawesium
500 2079 652 2129 inter
654 2076 889 2155 alumnos
930 2097 1040 2128 suos
1039 2087 1383 2190 «cooptarunt
1462 2082 1609 2129 Anno

174 2176 296 2217 1727
382 2165 643 2230 Idyssium,
671 2163 803 2229 qiiod
852 2167 981 2213 inter
1057 2166 1383 2212 ‘Academiae
1428 2166 1609 2213 Canta-

168 2249 425 2315 brigiensis
470 2249 664 2298 Luctus
710 2250 768 2298 ob
816 2250 1001 2299 obitum
1040 2250 1400 2312 Angustissimi
1435 2251 1608 2314 Regis,

170 2336 376 2401 Georgii
415 2337 455 2384 I.
515 2343 563 2384 et
611 2335 814 2386 Gaudia
862 2337 920 2385 ob
967 2352 1223 2385 accessum
1268 2337 1473 2402 Georgii
1509 2337 1608 2385 lI.''

170 2425 466 2481 adservatur,
513 2425 632 2472 scite
674 2433 724 2473 et
770 2428 1020 2474 commode
1063 2427 1336 2491 compegit;
1397 2428 1529 2490 quod
1571 2428 1613 2474 si

173 2511 475 2561 volventibus
515 2513 655 2559 annis
696 2513 930 2576 quispiam
972 2530 1000 2560 e
1041 2513 1282 2577 discipulis
1327 2514 1431 2579 ejus
1470 2530 1611 2563 voca-

171 2597 338 2661 bulum
375 2598 541 2654 λύ”πης
574 2598 643 2645 ita
677 2600 981 2647 decurtatum
1012 2606 1306 2662 usurpasset,
1343 2600 1433 2647 sub
1457 2599 1614 2647 ferula

174 2684 350 2732 Orbilii
392 2684 579 2749 plagosi
634 2693 765 2733 certe
813 2686 1111 2748 trepidasset.
1204 2685 1353 2732 Hunc
1399 2684 1613 2738 Davvesii

166 2773 362 2841 juvenis
384 2772 571 2835 lapsum
598 2774 765 2837 quovis
803 2774 961 2837 pretio
996 2773 1087 2820 sibi
1128 2779 1442 2822 monstratum
1477 2780 1612 2836 opta-

177 2859 326 2907 visset
354 2858 592 2924 ToupiuS.
666 2860 790 2909 Vide
815 2862 938 2925 App.
967 2875 1045 2926 pp.
1076 2870 1250 2908 1*-—-4*.

862 2970 894 3001 a
