1864 3132
312 211 397 252 610

577 225 795 253 ADDENDA
826 227 879 254 ΕΤ
908 227 1203 255 CORRIGENDA
1236 228 1294 255 An
1323 227 1480 255 NOTAs.

423 310 580 360 νάμασιν
597 312 736 364 [Plato.
754 302 959 364 Phaedr.'p.
978 318 1069 353 343.
1090 315 1135 353 E.
1155 314 1271 353 Laem.
1291 313 1342 351 R.
1360 315 1406 352 P.
1433 313 1575 353 Advss.
1601 327 1638 364 p.
1651 312 1745 369 67·]-

421 375 515 428 πρός
534 392 577 413 ον
594 379 619 413 o‘
636 376 846 416 Οὖλπιανος
865 378 1104 432 σχετλιάσας·
1128 378 1185 417 και
1213 378 1344 428 τύψας
1370 379 1421 433 τῇ
1438 377 1538 433 χειρι
1553 379 1604 417 το
1621 395 1742 433 προσ-

419 437 623 491 κεφάλαιον
650 440 736 492 ἔφη,
763 441 877 496 μέχρι
901 441 1001 482 πότε
1027 443 1336 497 βαρβαρίζοντες
1356 444 1399 481 οὖ
1417 441 1606 490 watien-0⁶3
1633 443 1659 491 ἢ
1674 443 1740 484 ἕως

417 520 465 541 αν
483 506 700 543 καταλιπων
717 523 767 544 το
794 507 1002 555 συμπόσιον
1030 509 1204 562 οἴχωμαι,
1236 508 1363 561 φέρειν
1384 524 1581 546 *onom-ovs·
1608 508 1743 557 λόγους

420 567 630 619 [πέττειν“
608 586 707 618 υμων
724 587 811 610 τους
829 572 963 620 λόγους
983 572 1099 610 MSS.
1117 573 1165 610 A.
1190 580 1227 610 et
1247 573 1359 624 Epp.]
1388 589 1430 610 ον
1448 570 1662 620 δννᾰμενος;
1682 571 1742 611 καὶ

417 649 469 679 ος,
489 631 528 672 ἐν
546 633 668 687 Ῥώμῃ
694 634 747 688 τῇ
762 634 1019 690 βασιλευούσῃ
1037 635 1240 689 διατρίβων
1258 636 1309 672 τοὶ
1333 636 1404 683 νῦν,
1437 633 1467 674 αἶ
1483 636 1628 684 Aio-ve,
1659 634 1742 675 ἐπι-

413 700 542 751 χωρίῳ
562 699 746 753 κέχρημαι
765 701 868 738 κατ-ἂ
884 703 957 748 τῆν
973 702 1162 747 συνήθειαν
1179 702 1295 755 φωνῇ.
1340 700 1417 739 Καὶ
1436 699 1511 754 γάρ
1530 701 1640 754 rapa*
1656 705 1738 740 τοῖς

411 761 588 817 ἀρχαίοις
609 769 794 811 ποιηταῖς,
820 764 877 803 καὶ
893 767 1149 819 συγγραφεῦσι
1171 773 1250 804 τοῖς
1269 765 1421 821 σφόδρα
1447 765 1738 818 Ἐλληνίζονσιν,

409 825 518 864 ἔστιν
534 829 648 880 εὗρεΐν
666 827 725 865 καὶ
750 829 919 883 Περσικᾰ
947 828 1115 875 ὀνόματα
1141 832 1285 877 κείμενα
1303 829 1362 868 διὰ
1380 828 1452 876 τήν
1470 829 1539 875 τῆς
1557 828 1735 883 χρήσεως

408 890 612 939 συνήθειαν,
643 895 689 930 uic
719 894 807 931 τοιῗς
841 892 1091 946 παρασάγγας
1124 894 1183 932 καὶ
1202 894 1303 940 σούς
1334 893 1537 948 α’γγᾶρους,
1569 893 1627 931 καὶ
1663 894 1735 940 τήν

409 959 567 1007 σχοῖνον
586 954 611 1001 ἧ
629 956 699 993 τὸν
717 961 887 1010 σχοῖνον.
926 956 1069 1010 μέτρον
1087 957 1116 996 δ’
1137 957 1223 997 ἐστὶ
1250 959 1372 995 τοῦτο
1402 957 1491 996 ὁδοῦ
1521 958 1632 1011 μέχει
1662 957 1733 1007 νῦν,

407 1017 507 1056 οὕτω
526 1019 635 1072 rapa*
651 1025 806 1059 πολλοῖς
822 1020 1063 1069 καλούμενον.
1104 1020 1435 1075 Μακεδονίζοντᾶς
1464 1020 1500 1059 τ’
1527 1018 1612 1058 οἶδα
1638 1025 1734 1058 πολ·-

404 1083 490 1120 λοιὶς
506 1084 585 1125 ,τῶν
604 1082 792 1122 Ἀττικῶν
809 1084 868 1122 δια*
886 1086 958 1131 τήν
973 1087 1171 1139 ἐπιμιξίαν.
1228 1086 1421 1126 Persicum
1435 1084 1660 1123 vocabulum
1676 1089 1734 1122 est

404 1147 606 1201 κυρβασὶα,
643 1162 714 1199 quo
750 1149 862 1187 utitur
896 1150 1164 1200 Aristophanes
1195 1153 1290 1203 [Av.
1320 1151 1451 1201 487.]:
1497 1149 1732 1188 Κανδῦταλις

399 1210 608 1250 Menandro
627 1218 664 1251 et
674 1212 830 1262 Diphilo
849 1222 1093 1264 usurpatum3
1123 1216 1198 1253 vid.
1215 1215 1349 1253 Pollux
1368 1214 1450 1251 Lib.
1468 1225 1511 1251 x.
1531 1220 1622 1251 sect.
1638 1217 1728 1257 137.

401 1274 471 1327 [R.
487 1275 533 1314 Β.
562 1278 611 1314 ad
649 1275 692 1315 T.
708 1278 762 1315 H.
796 1292 831 1328 p.
854 1281 1105 1331 104=308.].
1147 1279 1394 1333 Παράδεισος,
1428 1277 1566 1315 Pollux
1598 1277 1643 1315 L.
1662 1289 1730 1314 1x.

401 1345 492 1378 sect.
514 1345 577 1378 13.
606 1341 682 1387 ἥκει
702 1342 761 1379 καὶ
780 1342 883 1380 κατεῖ
900 1342 1089 1388 συνήθειαν
1108 1347 1154 1381 εἷς
1173 1343 1314 1396 χρῆσιν
1332 1343 1561 1390 Ἑλληνικήν,
1591 1345 1637 1381 οἷς
1666 1341 1726 1380 καὶ

398 1402 502 1442 ἄλλα
520 1405 651 1443 πολλᾰ
667 1407 743 1443 τῶν
755 1407 945 1459 Περσικῶν
964 1407 1153 1458 [Xenoph.
1171 1408 1293 1446 Anab.
1307 1419 1338 1444 Ι.
1359 1420 1396 1457 p.
1415 1411 1479 1452 39.
1499 1406 1727 1461 παράδεισος

399 1468 495 1507 πάνυ
525 1470 640 1518 μέγας
669 1470 726 1508 καὶ
751 1470 909 1524 καλός.].
966 1472 1092 1526 Multa
1124 1472 1315 1522 peregrina
1349 1471 1533 1510 vocabula
1563 1475 1725 1509 recenset

397 1532 623 1572 Eustathius
639 1536 686 1573 ad
703 1536 778 1574 Od.
794 1537 840 1574 T.
860 1550 897 1586 p.
919 1537 1053 1587 [1854.
1073 1538 1154 1589 27.]
1171 1536 1263 1576 680.
1284 1537 1308 1575 l.
1325 1541 1391 1575 44.
1427 1535 1608 1588 AEgyptia
1625 1547 1723 1587 quae—

397 1599 498 1647 dam,
528 1613 610 1651 quae
630 1602 876 1641 Athenienses
902 1603 1051 1641 civitate
1074 1605 1267 1649 donarunt,
1297 1603 1433 1642 Pollux
1451 1603 1497 1641 L.
1518 1614 1600 1641 vn.
1632 1609 1720 1641 sect.

396 1667 463 1708 71.
492 1665 695 1720 καλάσιρις,
715 1667 864 1720 φύσων,
882 1667 1090 1719 ἡμιτύβιον,
1117 1675 1186 1708 etc.
1214 1669 1344 1720 quihus
1363 1669 1468 1715 adde,
1496 1667 1592 1718 quod
1609 1666 1720 1716 paulo

396 1735 482 1767 ante
500 1732 598 1780 apud
618 1732 810 1771 Moeridem
827 1733 985 1772 occurrit
1006 1736 1058 1784 (p.
1077 1737 1197 1784 3440,
1236 1735 1404 1782 Στῖμμις.
1435 1731 1621 1770 Βατάνιον
1638 1730 1719 1769 sive

396 1793 592 1844 πατάνιον,
617 1809 750 1835 vocem
769 1798 949 1844 Siculam,
983 1804 1076 1837 teste
1095 1799 1279 1849 Hesychio
1309 1798 1363 1849 [et
1379 1797 1529 1836 Polluce
1549 1810 1593 1845 x,
1627 1801 1716 1840 107.

394 1859 446 1899 R.
464 1860 512 1899 B.
531 1863 580 1900 ad
601 1863 644 1900 T.
663 1863 717 1901 H.
750 1877 786 1914 p.
803 1867 1057 1918 103=305.].
1099 1865 1263 1903 Eubulus
1282 1863 1450 1902 adhibuit
1467 1862 1566 1913 apud
1580 1860 1718 1900 Athen.

393 1924 441 1963 L.
463 1938 529 1964 1x.
558 1925 706 1976 p.-396.
740 1930 792 1965 A.
846 1929 906 1966 Sic
939 1929 1061 1980 itaque
1096 1928 1332 1978 Hermippus,
1358 1926 1492 1965 veteris
1523 1923 1733 1964 eomoediae'

392 1990 523 2038 Poeni,
557 2003 689 2029 vocem
730 2005 907 2043 usurpare
951 1993 1070 2043 potuit
1112 1993 1299 2032 Latinam.
1356 1992 1583 2040 Quanquam
1613 1988 1713 2026 enim

392 2054 557 2092 Romani
574 2060 656 2093 tum
674 2057 850 2106 temporis
870 2069 942 2094 non
961 2057 1069 2094 valde
1087 2056 1253 2106 frequens
1272 2056 1358 2093 cum
1379 2053 1522 2092 Graecis
1541 2057 1605 2090 aut
1622 2063 1710 2089 cum

389 2118 678 2157 Atheniensibus
692 2120 958 2157 commercium
974 2121 1192 2165 habuerunt,
1210 2125 1335 2160 tamen
1352 2119 1422 2155 hoc
1440 2117 1520 2166 ipso
1533 2121 1711 2164 tempore,

390 2194 462 2232 quo
480 2182 602 2219 floruit
619 2181 858 2232 HermippuS,
891 2189 954 2221 aut
984 2184 1094 2232 paulo
1123 2191 1232 2221 antea
1250 2184 1391 2234 legatos
1411 2183 1580 2221 Athenas
1599 2180 1712 2218 mise-

389 2253 485 2295 rant,
521 2247 644 2298 legum
680 2248 1003 2287 describendarum
1039 2262 1162 2289 causa.
1210 2249 1434 2299 Hermippus
1465 2261 1552 2309 curn
1579 2247 1711 2286 ceteris

388 2312 523 2350 veteris
557 2312 760 2351 Comoediae
791 2313 912 2351 Poetis
942 2314 1064 2352 fl01uit
1089 2314 1308 2366 Olympiad.
1334 2324 1510 2351 Lxxxv.
1553 2318 1589 2350 et
1605 2324 1708 2362 seqq

389 2376 498 2415 Unde
526 2363 651 2427 liquet,
686 2389 815 2415 vocem
846 2377 1022 2417 Latinam
1050 2379 1119 2429 ipsi
1147 2380 1307 2429 potuisse
1325 2379 1560 2423 innotescere,
1592 2388 1704 2427 quam

386 2439 450 2478 vel
467 2452 531 2490 per
554 2441 684 2490 jocum
703 2440 913 2478 adhibuisse
930 2442 1130 2480 censendus
1151 2447 1219 2489 est,
1251 2441 1311 2479 vel
1329 2441 1517 2479 hominem
1537 2439 1704 2478 Siculum

388 2509 454 2542 aut
485 2504 705 2543 Doriensem
735 2518 780 2543 ea
805 2511 968 2544 utentem
999 2507 1254 2544 introduxisse.
1304 2507 1351 2545 In
1372 2505 1584 2555 Epicharmi
1606 2510 1707 2543 certo

389 2568 515 2618 Siculi,
534 2568 742 2620 Hermippo
760 2571 985 2621 antiquioris,
1011 2571 1227 2622 fragmentis
1244 2584 1316 2609 non
1335 2581 1462 2620 paucae
1476 2568 1706 2619 reperiuntur

386 2646 497 2673 voces
518 2633 671 2673 Latinae.
719 2634 904 2684 Νοῦμμοι,
929 2635 1073 2683 nummi,
1091 2636 1189 2686 apud
1209 2636 1350 2675 Polluc.
1370 2635 1414 2673 L.
1434 2646 1498 2672 1x.
1525 2638 1614 2671 sect.
1634 2637 1700 2679 79.

386 2701 411 2737 d
435 2698 474 2739 δὲ
497 2699 651 2748 νοῦμμος
671 2698 774 2737 δοκεῖ
783 2701 850 2748 μέν
868 2698 955 2739 εἶναι
981 2700 1166 2747 Ῥωμαίων
1184 2699 1348 2748 τοῦνομα
1368 2700 1440 2737 τοῦ
1457 2699 1697 2753 νρμῖσματος·

337 2787 339 2789 ·
385 2764 471 2806 ’ἔστι
490 2766 531 2807 δὲ
546 2766 768 2813 Ἑλληνικὸν,
796 2766 855 2804 καὶ
884 2768 959 2805 τῶν
985 2765 1023 2806 ἐν
1040 2766 1186 2817 Ἰταλίᾳ
1210 2766 1270 2805 καὶ
1295 2766 1443 2816 Σικελίᾳ
1462 2762 1644 2818 Δωριέων.
1673 2764 1699 2800 d

385 2829 624 2887 Ἐπίχαρμός
638 2846 683 2870 τε
697 2831 772 2884 γάρ
789 2830 828 2870 ἐν
845 2836 926 2872 ταῖς
945 2830 1108 2885 Χύτραις
1125 2833 1250 2883 φησίν.
1283 2832 1380 2871 Ἀλλ·
1397 2829 1492 2880 ὅμως
1510 2827 1620 2868 καλαὶ
1633 2825 1696 2868 καὶ
