1864 3132
820 240 889 290 57

138 350 323 401 Eodem
347 350 513 399 itidem
535 346 760 398 recidunt
778 363 888 410 quae
906 364 1018 413 pag.
1044 359 1114 397 54.
1140 316 1197 411 [l.
1222 343 1313 410 ik]
1337 342 1572 412 legimus:

206 440 252 487 Is
272 439 363 487 erit
380 454 676 494 αναπεαιστοπ
700 434 840 484 vides
857 443 972 501 quot
988 437 1080 485 iste
1089 452 1181 499 pes
1197 436 1261 484 sit
1277 442 1546 499 temporum
1559 452 1574 481 :

215 514 395 563 Versus
416 515 496 563 laic
519 529 768 577 nunquam
777 513 812 539 ⁴¹
841 513 1034 561 vacillat

145 597 323 653 Monet
367 605 562 667 quidem
608 602 940 650 Terentianus
984 602 1331 664 anapaesticum
1372 599 1581 667 systema

141 683 323 748 syllaba
346 679 628 728 catalectica
651 694 750 726 non
768 693 958 741 semper
977 677 1135 724 claudi
1153 679 1291 742 [pag.
1312 689 1382 726 58.
1406 677 1437 725 l.
1462 676 1578 739 18.];

963 765 1260 830 frequenter

211 844 341 893 Solet
364 844 561 907 integer
583 848 872 906 anapaestus
894 847 940 889 et
962 841 1137 905 influe
1159 840 1316 889 locari
1337 858 1351 887 .-

148 938 177 967 *
194 933 377 981 Verum
401 933 507 980 haec
530 930 803 981 observatio
827 931 887 978 de
910 929 1127 978 versibus
1162 946 1261 977 non
1286 929 1377 977 nisi
1401 928 1587 976 Latinis
1623 940 1690 980 3ο

146 1010 402 1075 praedicari
442 1014 617 1073 potest.
689 1008 935 1056 Caeterum
971 1023 1069 1070 quo
1104 1007 1258 1072 magis
1293 1007 1478 1054 mireris
1512 1007 1585 1058 Cl.

147 1085 423 1133 Bentleium
467 1091 708 1151 συναφειας
750 1084 1062 1148 anapaesticae
1101 1084 1339 1132 rationem
1379 1084 1588 1147 primum

146 1178 198 1209 se
243 1161 463 1209 docuisse
508 1160 834 1225 profitentem,
894 1160 998 1225 ipse
1042 1161 1106 1208 ad
1149 1161 1356 1208 eundem
1399 1160 1590 1207 Horatii

146 1238 306 1285 locum
331 1237 623 1286 Terentiani
646 1238 706 1284 de
740 1243 957 1303 crwuupecqz
981 1236 1142 1284 ionica
1161 1252 1327 1284 versus
1349 1236 1587 1284 laudavit:

150 1330 272 1377 quos
312 1313 383 1360 uti
422 1313 556 1360 vides
597 1313 830 1361 continuo
865 1312 1085 1376 sequitur
1114 1313 1328 1378 ejusdem
1354 1314 1413 1360 de
1438 1320 1593 1360 metro

151 1390 449 1453 anapaestico
489 1390 723 1438 doctrina.
795 1390 1009 1438 Similem
1058 1399 1221 1438 autem
1265 1398 1504 1455 συναφειαν
1542 1391 1592 1437 ἰῐι

156 1465 370 1514 dimetris
407 1465 574 1512 itidem
615 1482 725 1513 cum
762 1465 980 1513 iambicis
1019 1471 1123 1513 tum
1162 1466 1420 1514 trochaicis
1463 1465 1597 1529 apud

155 1542 356 1590 Graecos
380 1547 550 1605 poetas
570 1549 855 1605 perpetuam
874 1542 1070 1599 servari,
1089 1558 1176 1589 nos
1195 1542 1336 1605 primi
1355 1542 1596 1590 monuisse

156 1619 389 1667 videmur.
454 1618 639 1666 Extant
662 1625 711 1666 et
744 1618 839 1666 alia
862 1619 958 1666 duo
994 1619 1148 1682 (quod
1181 1618 1231 1667 et
1265 1621 1404 1668 nobis
1432 1620 1596 1668 itidem

159 1694 327 1757 primis
362 1693 622 1742 observare
656 1694 884 1758 contigit)
920 1696 1052 1758 apud
1087 1696 1462 1760 Aristophanem
1493 1712 1598 1745 ver-

156 1787 296 1818 suum
319 1786 521 1835 genera,
558 1786 766 1835 quorum
790 1770 970 1820 ultimis
998 1771 1192 1837 syllabis
1216 1772 1348 1838 nulla
1369 1772 1601 1836 permissa

158 1856 232 1897 est
286 1848 483 1896 licentia
538 1855 865 1912 praeterquam
923 1848 975 1896 i'n
1033 1848 1248 1896 clausula
1303 1849 1600 1897 catalectica.

158 1924 347 1972 Horum
366 1929 530 1971 autem
548 1930 810 1986 utrumque
827 1923 889 1970 ad
907 1930 1114 1972 metrum
1131 1925 1207 1972 vel
1224 1925 1601 1977 choriambicum

162 1999 239 2047 vel
262 1999 474 2047 ionicum
497 1999 631 2063 exigi
659 2005 836 2063 potest.
895 1999 1077 2048 Prioris
1110 2001 1307 2066 generis
1342 2002 1438 2048 duo
1472 2000 1604 2063 apud

161 2075 406 2124 Catullum
447 2076 664 2125 carmina
702 2075 949 2140 leguntur.
1014 2077 1174 2145 Atque
1210 2078 1248 2124 is
1284 2078 1429 2126 etiam
1464 2077 1604 2125 Grae-

163 2167 328 2199 corum
352 2152 578 2216 ακριβειαν
599 2152 650 2200 in
674 2148 852 2203 ultimis
876 2153 1070 2217 syllabis
1093 2156 1315 2206 servavit.
1370 2156 1427 2203 In
1452 2155 1606 2202 altero

165 2230 358 2292 quidem
406 2229 635 2287 carmine,
691 2229 842 2278 Juliae
889 2231 1073 2280 scilicet
1117 2241 1168 2281 et
1209 2233 1382 2280 Manlii
1418 2232 1606 2296 epitha-

164 2304 325 2362 lamio,
381 2305 597 2354 versibus
642 2317 726 2355 235
773 2315 1027 2356 constante
1074 2316 1393 2374 repraesentat
1445 2308 1607 2357 Editio

165 2378 399 2432 Cant-abr.
457 2381 675 2445 quinque
721 2385 949 2432 adversus
996 2385 1271 2433 ultimarum
1316 2374 1606 2451 syllabarum

169 2459 408 2507 rationem
432 2464 650 2521 peccata,
682 2475 742 2513 ea
763 2476 877 2508 vero
900 2461 1030 2509 facili
1055 2463 1255 2527 negotio
1284 2462 1573 2528 corrigenda
1594 2480 1604 2510 :

244 2570 278 2605 1.
315 2573 437 2606 vers.
462 2564 532 2606 46.
598 2554 865 2630 Quisldeus
885 2559 1054 2623 magis
1077 2558 1144 2610 alt
1165 2560 1333 2624 magis

594 2629 734 2680 Est⁴²
762 2636 1005 2697 petendus
1029 2637 1312 2686 amantibus
1327 2637 1352 2684 ?

285 2760 348 2792 41.
404 2747 601 2807 Nunquabt
621 2754 710 2792 Aldi
739 2755 830 2794 lust.
853 2757 1027 2796 Gramm.
1055 2771 1089 2807 p.
1108 2762 1197 2804 293.
1229 2759 1283 2796 ed.
1305 2759 1349 2800 R.
1371 2759 1502 2808 Steph.

285 2825 349 2858 42.
402 2820 462 2859 Sit
481 2827 519 2859 et
535 2834 571 2858 v.
598 2825 662 2861 48.
689 2821 821 2861 calmet.
850 2822 896 2859 R.
915 2822 959 2859 B.
