1864 3132
883 183 987 238 291

211 298 390 348 *mni
424 291 596 346 aetem
625 292 805 352 ultimi,
842 286 900 342 ιιι
938 292 1058 343 illud
1094 293 1254 343 obiter
1293 294 1534 350 moneam,
1579 289 1651 339 vi-
1693 286 1787 337 162

742 385 905 435 neque
933 370 1064 418 enim
1097 370 1322 428 habetur,
1348 376 1450 435 'quo
1475 366 1652 416 referri

206 378 332 426 tinea
355 381 430 423 est
451 371 666 439 syntax-is
689 388 701 421 ε

204 454 356 519 possit
378 450 619 518 genitivus
640 470 820 506 μουσης.
891 446 978 496 Tu
1009 463 1126 496 vero
1154 447 1283 513 lege,
1318 452 1502 511 puncto
1525 446 1650 494 dun-

207 629 283 660 λων
318 614 546 672 Ἀνθρῶπων
581 632 669 655 ειναι
710 612 900 669 Σωκράτη

205 686 245 725 ἐν
261 685 392 739 σοφᾷη,
422 681 567 735 Κιῖπρις·
585 681 767 729 μηνίουσα
772 679 902 732 πυρὰ·

204 744 324 797 με’νει““
370 745 469 783 Vide
510 738 660 790 Tracts,
694 756 757 794 pp.
775 746 843 791 41,
863 747 900 781 2.

208 807 320 852 Hanc.
347 793 658 855 emendationem,
690 819 790 845 verae
819 774 903 844 Cri-

206 876 296 922 ti'c'es
340 868 678 925 perfectsssimumff
694 863 901 922 exemplar,

206 947 244 980 et
280 939 456 991 AEschyli
489 938 615 977 locum
652 935 783 987 Suppl.
809 933 903 985 675.

208 1006 307 1056 apud
322 998 568 1044 Plutarchum
583 1004 689 1041 Erot.
702 1015 739 1052 p.
751 993 850 1046 758ss
860 1000 903 1038 F.

205 1070 398 1125 latentem,
446 1071 557 1120 q'uem
593 1068 818 1119 restituerat,
865 1070 903 1104 et

208 1135 389 1174 vicissim
416 1148 464 1174 ex
509 1148 552 1173 eo
594 1133 707 1186 hujus
746 1130 905 1173 lacunas

206 1195 413 1256 certissime
475 1197 748 1251 suppleverat?
815 1195 907 1236 cum'

210 1259 394 1304 D'Avmn
406 1239 706 1312 Iisnunmo‘,
722 1262 912 1315 tanquam

211 1329 372 1393 principe
384 1320 523 1369 harum
539 1328 746 1375 literarum,
765 1326 906 1365 dudum

211 1391 491 1432 communicare
533 1390 710 1431 sustinuit
753 1392 906 1449 Noster.

213 1458 282 1497 Ille
308 1471 385 1496 non
407 1456 520 1495 modo
543 1455 699 1494 conatus
721 1454 911 1506 ju've‘niles'

212 1535 376 1573 summa,
402 1524 476 1572 q'ua
492 1532 562 1571 par
577 1519 668 1566 erat,
695 1517 806 1557 laude
823 1521 909 1568 pro·
963 1529 988 1548 ιι

213 1587 360 1628 secutus
391 1591 449 1624 est
462 1601 474 1632 ;
516 1585 595 1632 sed,
625 1596 702 1636 qua
729 1588 810 1621 erat
838 1581 909 1618 hu-

212 1652 407 1700 manitate,
443 1647 618 1688 subsidia·
639 1647 740 1697 no‘va
767 1646 815 1683 ad
845 1644 911 1683 au-

210 1718 374 1770 gendum
401 1720 439 1754 et
463 1707 726 1763 expoliendum
754 1709 910 1760 Tragoe—

211 1781 283 1824 diae
317 1778 509 1834 parentem
552 1790 600 1817 ex
632 1775 788 1829 *horreis
832 1773 909 1813 suis

210 1847 454 1895 libentissime
480 1834 911 1894 sufflamine—mt-

214 1910 396 1952 tenbachii
433 1904 616 1962 eqiudem'
642 1905 815 1946 laudibus
854 1902 909 1940 nil

210 1978 421 2018 detractum
438 1974 578 2019 velim;
599 1965 678 2012 'sed'
694 1971 756 2022 qui
784 1968 839 2009 D.
858 1967 909 2006 R.

213 2055 433 2097 generosam
451 2037 754 2087 animamprobe
775 2035 908 2081 sciunt,

213 2122 342 2150 aurem
365 2105 546 2157 discipulo
567 2103 680 2143 nimis
707 2102 909 2153 patientem

213 2174 413 2226 praebuisse
455 2170 565 2210 illum
609 2168 908 2219 suspicarentur:

215 2239 248 2278 si
263 2250 349 2276 cum
365 2235 426 2274 W.
436 2233 546 2273 v'oces
566 2232 759 2283 disponere
775 2230 911 2281 placet,

217 2315 334 2355 neque
362 2300 534 2339 codicum
579 2296 802 2344 auctoritati,
842 2308 909 2333 nec

216 2364 390 2418 rhythmi
434 2363 564 2414 gratiae
608 2359 770 2399 consulis
786 2374 797 2405 ;
811 2363 921 2419 —etr

216 2431 387 2485 quisnam
404 2429 551 2484 ἔχρησε
565 2426 675 2484 plane
690 2424 911 2463 mendosum

215 2510 283 2547 pro
318 2495 432 2534 verbo
466 2493 526 2530 his
561 2492 598 2529 in
630 2492 738 2529 rebus
760 2489 912 2547 ⁴solenni

217 2559 317 2616 ἔχρη
381 2557 642 2597 substitueret?
729 2552 914 2593 Praeterea

218 2624 340 2663 nescio
367 2623 456 2675 quid
488 2619 636 2674 peccati
673 2625 806 2670 portat
836 2620 911 2658 Izoec

954 613 1095 653 mirum
1114 614 1146 653 si
1161 608 1335 653 Pauwius
1350 614 1445 654 alter
1459 606 1658 653 Re‘iskiuv

954 692 1002 718 ve
1029 679 1102 718 hoc
1128 680 1324 723 inventum
1342 680 1411 719 sibi
1441 667 1655 731 arrogasset

955 745 1121 796 proclive
1159 750 1256 795 esset
1282 740 1481 795 observare
1520 746 1651 794 istum,

955 813 998 846 ut
1017 807 1178 861 reliquos
1203 806 1493 858 Balneariarios,
1521 804 1651 849 earum

954 871 1079 914 rerum
1098 888 1190 926 quas
1209 882 1397 925 ceperunt,
1424 877 1532 927 signa
1549 888 1654 915 com-

956 946 1117 993 mutare,
1146 946 1184 979 et
1210 940 1434 979 Nomadum
1456 942 1653 989 adinstar,

956 1004 1094 1043 liberos
1120 1003 1251 1046 furtim
1278 1005 1444 1043 sublatos
1474 1005 1653 1046 informes

956 1061 1119 1116 reddere,
1154 1074 1197 1108 ut
1223 1080 1285 1108 eos
1312 1082 1380 1119 pro
1411 1069 1488 1107 suis
1520 1069 1654 1107 callide

956 1136 1175 1174 venditaret.
1244 1135 1555 1174 Emendationem
1601 1134 1656 1173 al-

957 1207 1079 1240 teram
1102 1194 1342 1252 palmariam,
1373 1214 1487 1253 quam
1514 1201 1553 1238 in
1580 1201 1656 1238 edi—

958 1257 1057 1303 tione
1086 1259 1282 1303 Plutarchi
1309 1265 1366 1303 sui
1400 1264 1505 1314 (Vol.
1527 1276 1590 1311 xv,
1618 1277 1655 1314 p.

960 1326 1026 1389 29.
1045 1330 1101 1368 ed.
1120 1333 1174 1381 4.)
1206 1343 1282 1369 non
1309 1330 1400 1368 satis
1429 1330 1656 1377 meminisse,

959 1396 999 1433 in
1034 1394 1134 1433 Bibl.
1182 1395 1276 1434 Crit.
1307 1391 1354 1442 P.
1384 1396 1461 1442 viii,
1496 1409 1532 1445 p.
1568 1400 1657 1433 140.

961 1473 1187 1514 magnopere
1201 1455 1390 1510 probasse,
1407 1461 1554 1500 videtur
1571 1461 1630 1499 W.
1644 1475 1654 1499 :

1010 1523 1187 1568 Ceterum
1229 1519 1473 1575 cognovimus
1514 1519 1667 1564 novant

961 1583 1052 1642 item
1086 1588 1259 1639 AEschyli
1290 1578 1487 1627 editionem
1515 1589 1660 1627 institui

964 1651 1217 1702 Cantabrigiae
1236 1664 1261 1689 a
1279 1651 1390 1689 Rich.
1411 1646 1590 1700 Porsono,
1617 1663 1659 1689 v.

966 1710 1039 1762 Cl.,
1062 1716 1106 1753 de
1125 1717 1230 1766 cujus
1247 1716 1419 1754 acumine
1437 1723 1475 1755 et
1490 1710 1660 1754 doctrina

963 1781 1055 1819 bene
1082 1794 1150 1819 nos
1178 1776 1326 1831 sperare
1350 1782 1484 1832 jubent
1511 1782 1661 1834 egregia

963 1845 1137 1897 quaedam
1201 1842 1418 1896 specimina,
1480 1847 1660 1897 privatim

963 1912 1069 1951 nobis
1088 1911 1251 1962 cognita,
1279 1908 1439 1949 necdum
1465 1912 1505 1950 in
1523 1912 1658 1963 vulgus

964 1977 1094 2015 editas*
1148 1978 1204 2014 At
1239 1989 1332 2014 cave
1366 1982 1479 2015 extra,
1508 1976 1660 2025 limites,

965 2053 1056 2092 quos
1113 2040 1178 2078 tibi
1234 2040 1314 2090 ipse
1368 2040 1660 2087 circumdedisti,

964 2105 1108 2156 longius
1131 2105 1355 2155 egrediaris3
1383 2104 1414 2142 si
1441 2105 1542 2142 dicta
1558 2100 1659 2154 pr'ius

963 2169 1099 2207 iterum
1134 2169 1286 2207 dixisse,
1310 2169 1555 2207 imitationem
1600 2181 1661 2207 co·

964 2240 1145 2285 argueret,
1173 2235 1254 2284 quis
1270 2226 1476 2273 Miltonum
1490 2239 1660 2272 nostrum

966 2297 1209 2335 maledicendi
1239 2298 1389 2335 licentia
1424 2298 1662 2337 defenderet?

967 2362 1035 2400 Ille
1073 2362 1210 2400 codicis
1250 2358 1511 2407 auctoritatem
1553 2361 1663 2400 facile

966 2431 1189 2476 praegravat,
1225 2431 1334 2476 atque
1365 2425 1562 2464 lectionem
1595 2438 1662 2463 an—

966 2494 1108 2543 tiquam
1144 2497 1291 2530 tuetur:
1341 2493 1385 2530 P.
1410 2492 1459 2531 R.
1490 2490 1671 2544 1v.—-Of

970 2557 1154 2602 Socrates,
1183 2569 1240 2593 see
1268 2555 1369 2593 there
1394 2555 1450 2593 his
1467 2560 1660 2602 tmzement,

972 2621 1024 2659 W
1020 2621 1099 2659 hom
1135 2621 1216 2659 well
1243 2621 1398 2671 inspir’d
1431 2621 1491 2658 tlte
1528 2620 1662 2659 Oracle

214 2690 394 2742 purgatio
409 2704 421 2728 .·
465 2691 528 2728 οὐκ
557 2687 680 2726 ἄλλως
702 2684 786 2741 ἐρῶ.
841 2685 913 2724 Ni·
962 2685 1190 2735 pronounc'd
1227 2683 1277 2723 W
1274 2685 1362 2723 isest
1396 2685 1445 2739 (ᾖ
1469 2698 1549 2723 men
1563 2699 1578 2729 ;
1595 2706 1659 2720 —-.

887 2867 965 2898 QQ
