1864 3132
411 471 869 524 CORRIGENDA
903 472 984 523 IN
1019 469 1284 523 TEXTU.

137 581 197 631 P.
253 593 295 630 3.
327 580 359 629 l.
385 592 425 629 5.
461 581 582 639 dele,
616 579 931 645 [poematiis].

203 670 298 707 150.
332 659 364 706 l.
390 670 431 707 8.
468 658 675 723 corrige,
698 657 835 707 Nub.
861 669 929 707 58.

202 752 236 773 “
259 747 448 796 Puncta
490 762 634 811 porro
676 746 881 794 subinde
918 745 1282 803 desiderantum
1319 758 1410 792 nec
1443 759 1554 792 raro

137 825 293 875 minus
317 830 449 872 recte
480 823 781 871 adhibentur.
851 821 1184 885 Reperiuntur
1217 821 1361 868 etiam
1400 825 1554 885 σφαλ-

134 923 258 958 ματα
296 901 479 964 aliquot
514 900 565 948 in
598 899 795 948 diversis
831 897 1076 946 literarum
1110 898 1386 963 generibus.
1458 896 1556 944 Ad-

136 979 410 1043 spirationis
444 977 651 1041 denique
683 983 798 1025 nota
830 975 981 1024 literis
1010 975 1282 1040 majusculis
1306 990 1382 1023 me
1404 972 1556 1022 invito

52 1100 58 1105 .
136 1070 236 1102 non
259 1055 406 1103 semel
427 1054 701 1120 praeficitur.
757 1053 879 1102 Haec
899 1068 1031 1111 vero,
1056 1067 1165 1099 cum
1188 1068 1286 1101 non
1310 1052 1407 1100 sint
1429 1050 1555 1117 ejus-

137 1131 280 1188 modi,
304 1137 358 1178 ut
380 1132 471 1179 nisi
494 1130 769 1179 dormitanti
789 1145 970 1178 moram
994 1129 1196 1196 injicere
1218 1130 1418 1193 possint,
1437 1143 1556 1176 neu·

135 1207 317 1270 tiquam
340 1223 463 1271 opus
486 1223 590 1255 esse
612 1208 814 1265 videtur,
847 1213 900 1254 ut
922 1206 1122 1272 singulis
1146 1206 1225 1254 hic
1248 1204 1556 1293 recensendis

134 1283 473 1333 immoremur?
476 1283 599 1332 ³12.
617 1282 685 1334 D
709 1283 763 1333 in
785 1283 909 1333 Add.
934 1289 982 1330 et
1009 1280 1146 1332 Corr.

756 1405 981 1436 —4—

179 1490 521 1542 ADDENDA
555 1490 650 1540 ET
685 1490 1046 1540 CORRIGEN
1049 1490 1144 1539 DA
1179 1489 1261 1540 IN
1293 1488 1512 1538 NOTIS

563 1615 640 1653 AD
675 1614 1129 1653 PRAEFA'rloNEM.

138 1703 182 1742 P.
205 1703 232 1750 j.
259 1717 294 1741 n.
313 1708 351 1742 2.
377 1709 401 1727 “
423 1703 540 1748 597.''
565 1702 695 1749 insere,
722 1699 815 1739 εἶδος
834 1702 1006 1752 φαίνεται
1025 1701 1102 1737 τῶν
1118 1698 1307 1737 editiones.

195 1767 233 1805 ii.
260 1781 297 1806 n.
315 1773 355 1806 4.
383 1767 408 1804 l.
428 1764 466 1805 6.
493 1766 597 1814 adde,
627 1771 651 1788 “
671 1765 797 1802 Babrii
818 1764 908 1802 Fab.
928 1774 1085 1801 cxmx.
1118 1767 1154 1801 5.
1193 1762 1242 1799 X’
1269 1765 1295 1808 ἤ
1316 1760 1383 1810 μὲν
1397 1760 1557 1816 χελιδων

259 1840 367 1884 φησι,
394 1838 580 1884 ‹pam-arn,
598 1831 714 1883 ζωοις·
753 1830 982 1879 Exemplum
1000 1834 1097 1867 certe
1114 1829 1290 1877 desidero,
1306 1829 1345 1866 in
1362 1842 1434 1880 quo
1451 1829 1557 1882 ζωοις·

257 1894 312 1943 (in
338 1894 410 1932 hoc
441 1893 581 1931 scilicet
610 1893 784 1931 orationis
812 1897 957 1942 genere)
984 1905 1051 1941 pro
1075 1891 1236 1929 formula
1252 1890 1436 1929 salutandi
1452 1904 1558 1930 usur·

258 1963 375 2008 petur.
414 1956 660 1995 Verisimilius
671 1957 783 2006 igitur
795 1956 953 1994 arbitror
963 1955 1141 1992 Babriurn
1156 1955 1357 2004 scripsisse,
1370 1963 1557 2007 φιλτατη,

259 2021 501 2069 ΧΑῙΡΟΙΣ,
528 2028 565 2059 et
594 2021 780 2072 syllabam
807 2021 966 2070 priorem
994 2036 1064 2057 του
1093 2020 1198 2072 ζωοις·
1226 2032 1273 2056 ex
1297 2032 1406 2057 versu
1422 2032 1558 2069 praece·

257 2086 358 2124 denti
374 2085 574 2136 irrepsisse,
601 2097 721 2123 errore
747 2084 904 2122 librariis
932 2083 1253 2134 familiarissimo?
1293 2085 1558 2133 TYmem,

259 2165 296 2202 p.
315 2156 381 2197 37.

180 2216 232 2254 iv.
258 2216 326 2253 col.
346 2220 381 2252 1.
407 2216 433 2252 l.
450 2221 516 2254 20.
544 2221 571 2240 “
590 2214 709 2266 (33.)”
748 2214 883 2262 insere,
911 2213 1008 2252 conf.
1042 2212 1214 2264 AEschyl.
1254 2212 1431 2263 Septheb.
1468 2210 1560 2257 196.

259 2279 365 2317 Pers.
390 2283 484 2322 712.
525 2279 637 2316 Eum.
666 2278 756 2317 306.
787 2277 880 2318 626.
920 2279 1009 2316 Eur.
1041 2277 1193 2316 Heracl.
1223 2281 1317 2323 999.
1362 2278 1558 2328 Aristoph.

260 2342 361 2382 Ach.
379 2345 471 2380 321.
501 2340 591 2379 Οὐδ’
600 2340 810 2388 ἀκούσεσθ’,
826 2340 898 2379 οὐδ’
911 2341 1272 2390 ἀκούσεσθ’-(ἱεὶς.
1285 2342 1399 2393 Sang.
1416 2347 1557 2393 p.372.

260 2403 490 2451 Ἀκονσὲτην
516 2403 694 2456 [ἕξ-ται]
716 2404 916 2456 Σοφοκλῆς·
938 2402 1025 2456 ἔφη·
1055 2398 1303 2441 Ἀκοῦσεσθαι
1322 2404 1363 2443 ’δὲ
1377 2407 1557 2460 ’Apio-vo·

256 2470 402 2524 φάνης.)
430 2468 585 2507 Thesm.
606 2472 723 2512 1178.
751 2467 925 2505 ἄκου’σετ’
942 2466 978 2505 τ’
995 2467 1215 2515 Branchus,
1237 2468 1420 2516 ἀκούσητ’
1438 2470 1557 2507 Elms-

256 2537 348 2575 leius
365 2535 414 2572 ad
431 2533 532 2572 Ach.
551 2536 643 2577 295.
688 2532 887 2570 Demosth.
907 2532 994 2569 adv.
1013 2531 1207 2582 Aristogit.
1238 2545 1275 2582 p.
1295 2537 1386 2580 795,
1410 2537 1471 2579 15,
1495 2531 1556 2571 16.

258 2605 289 2639 εἷ
324 2602 446 2638 *alvan
480 2596 663 2635 ἀκούσετε
699 2597 768 2635 τὰς
802 2595 1050 2647 βλασφημίας·
1083 2595 1280 2634 Lambinus
1291 2613 1307 2641 ;
1353 2596 1554 2634 α’κοιῖσαιτε

185 2719 187 2721 q
260 2665 448 2705 Reiskius.
492 2663 600 2702 Conf.
618 2664 649 2702 si
667 2662 792 2712 libeat,
822 2662 1016 2701 Hotibium
1041 2663 1090 2700 ad
1117 2663 1217 2702 Ach.
1245 2663 1271 2701 1.
1293 2675 1324 2700 c.
1353 2668 1389 2701 et
1407 2662 1553 2714 Reisig.

261 2731 427 2780 Conject.
456 2742 492 2779 p.
511 2732 602 2767 210.

135 2795 234 2835 Ibid.
257 2801 344 2845 post
367 2801 389 2819 ‘⁴
408 2793 531 2844 Equit.
549 2790 659 2831 456?
687 2792 816 2839 insere,
844 2791 942 2829 Vide
960 2790 1010 2829 R.
1024 2791 1071 2829 P.
1088 2793 1187 2842 apud
1207 2791 1254 2829 P.
1270 2792 1312 2828 P.
1325 2790 1380 2829 D.
1397 2791 1445 2829 ad
1464 2791 1555 2843 Lys.

243 2864 333 2906 527.
377 2859 430 2898 Et
447 2859 473 2897 l.
490 2862 554 2897 24.
586 2862 612 2882 “
631 2856 741 2897 201?
784 2856 889 2903 adde,
910 2855 1079 2907 AEschyl.
1101 2857 1214 2895 Eum.
1236 2859 1324 2899 198.
1350 2854 1409 2892 1⁶.
1428 2856 1495 2894 col.
1517 2860 1554 2895 2.

796 2923 822 2956 4
841 2930 871 2957 Η
