1864 3132
101 1230 191 1271 185

905 159 1009 211 ³26

241 269 397 337 magis
442 284 587 335 quam
632 265 810 326 διδοντς,
856 270 990 319 τιθεις
1035 282 1181 331 quam
1226 270 1418 318 moeurs
1489 268 1680 321 latinis

238 353 412 395 contra
434 346 642 395 arrisere
664 344 1032 394 terminationes
1052 360 1163 403 ane,
1199 351 1249 394 et
1271 360 1375 404 em,
1408 346 1679 412 antiquitus

239 422 366 472 forte
388 430 520 481 ants,
551 429 601 471 et
624 429 747 471 ents.

305 517 374 559 Ιλ.
404 517 463 559 N.
489 521 561 559 41.
598 511 822 576 Αβρομοι,
853 509 1053 575 αυιαχοι]
1099 509 1339 559 Rescrlbo
1377 511 1525 577 αἱᾶχοι
1557 510 1606 560 h.
1631 526 1675 565 e.

235 610 484 654 αννινναχοι,
525 587 604 636 vel
642 587 805 652 potius
841 587 1100 653 Awsspop-ot,
1147 609 1254 635 aww
1257 607 1450 653 ινναχοι;
1515 603 1678 653 neque

235 666 365 717 enim
392 667 688 715 credendum
721 665 914 714 videtur
948 665 1130 712 nudum
1166 687 1210 723 α,
1249 666 1380 728 quod
1414 683 1681 731 στερητικον

234 759 341 792 esse
367 744 517 802 solet3
523 744 579 770 ¹²⁸
600 750 714 791 .tam
737 741 952 791 dissimili
980 742 1180 790 notione
1205 742 1340 803 (nam
1364 742 1680 790 dissimillima

234 827 324 879 est,
371 832 483 885 quae
526 820 642 869 huic
685 820 794 868 loco
841 819 1090 896 congruit)
1144 834 1361 883 unquam
1406 818 1676 867 adhibitum

232 895 398 945 fuisse.
472 897 632 944 Sentis
661 902 825 944 autem
860 911 1029 943 vocem
1067 902 1326 959 utramque
1358 911 1390 942 a
1416 894 1555 943 fonte
1589 902 1679 944 suo'

232 973 371 1034 (sunt
417 975 546 1023 enim
586 974 747 1022 fontes
794 975 961 1039 βρομος
1009 979 1060 1020 et
1104 994 1311 1038 ννινναχη,
1358 973 1507 1039 vulgo
1547 973 1676 1039 ιαχη)

229 1051 337 1114 pari
380 1051 568 1099 ratione
609 1051 831 1099 derivari.

921 1050 1077 1098 Porro
1120 1066 1212 1117 pro
1252 1049 1452 1116 vulgato
1489 1069 1682 1115 επιαχον

231 1129 314 1192 [Il.
342 1134 396 1187 E,
420 1135 521 1187 860,
547 1129 666 1191 etc]
700 1129 812 1194 lege
836 1127 1018 1192 ubique
1043 1149 1290 1193 εννινναχον.

317 1220 346 1249 *
363 1246 430 1255 ·-
447 1225 505 1268 Ψ.
531 1229 629 1267 350.
650 1246 719 1255 —
735 1222 850 1266 τιθει
894 1240 1042 1266 ιοεντα
1088 1214 1288 1283 σιδηρον]
1345 1217 1556 1266 vertunt
1599 1217 1677 1267 in·

229 1304 485 1364 terpretes,
515 1295 1315 1363 “Spiculis-conficiendis-aptum
1330 1298 1584 1364 serrum,”
1614 1311 1675 1347 ac

227 1457 330 1495 θεσιν
347 1455 424 1510 ἄρα
441 1455 524 1511 ἔχει
539 1455 597 1494 δαὶ
615 1456 686 1501 τήν
704 1453 923 1506 κατάληξιν,

226 1520 266 1560 ἐν
302 1520 342 1559 δὲ
376 1522 428 1574 τῇ
470 1521 593 1574 γενικῇ
638 1518 815 1567 ἀπέλαβε
853 1517 924 1564 τήν

229 1586 341 1638 τάξιν
365 1586 469 1634 μετ-οὲ
495 1586 545 1624 τὸ
577 1587 618 1633 f,
656 1586 751 1637 πνιῗξ
778 1583 921 1621 πυκνός.

229 1651 298 1696 τῆς
332 1650 463 1687 πυκνὸς
494 1650 564 1688 waic
593 1651 708 1696 ἡνίας,
738 1649 923 1700 Ἀριστο-

227 1715 346 1766 φάνης·
375 1714 518 1764 (Equit.
542 1711 685 1763 1106.).
721 1712 793 1749 τοῦ
816 1712 921 1749 λίθου

228 1778 300 1815 τοῦ
317 1777 346 1816 ’ν
372 1778 426 1832 τῇ
447 1779 562 1815 πυκνί.
601 1777 708 1827 (Pac.
727 1775 835 1826 679.)
861 1773 921 1812 καὶ

227 1841 435 1880 τέκνω-ὁ
465 1843 503 1881 ἐν
534 1841 662 1894 τούτῳ
697 1841 815 1887 οἰκῶν,
853 1857 921 1877 πυ-

226 1911 350 1954 κνίτης
368 1906 535 1956 λέγεται.
568 1908 655 1958 (Eq.
674 1909 766 1955 42.)
819 1905 919 1943 Cum

225 1987 314 2012 vero
369 1974 408 2011 in
462 1974 565 2011 omni
610 1985 734 2010 rerum
779 1972 920 2010 ratione

224 2044 350 2088 partes
374 2052 516 2090 quoque
541 2050 756 2076 mensuram
778 2036 835 2074 sui
853 2036 920 2072 ha.-

225 2103 350 2147 beant,
375 2100 475 2139 ultra
499 2113 613 2151 quam
632 2099 831 2138 consistere
858 2111 920 2136 ne-

225 2171 375 2217 queunt,
399 2166 444 2203 T.
456 2166 510 2204 H.
530 2166 665 2203 limites
684 2177 826 2204 normae
839 2176 917 2203 suae

224 2230 414 2279 assignare
447 2229 612 2276 solebat;
671 2228 918 2267 DIarlclandus

223 2295 397 2346 analogia
409 2300 602 2334 contentus
623 2295 816 2342 vocabula,
833 2307 916 2346 quae

223 2361 429 2399 mun-orum
489 2374 669 2400 consensu
740 2361 918 2399 convalu-

221 2432 340 2472 erunt,
375 2427 544 2465 servituti
577 2426 713 2478 regulae
742 2440 818 2465 suae
851 2427 917 2464 ad-

221 2492 336 2539 dixit;
380 2497 416 2530 et
444 2492 481 2529 in
513 2492 642 2530 formis
672 2492 914 2542 procudendis

220 2563 258 2596 et
279 2556 524 2603 adstruendis,
556 2563 737 2607 quantum
761 2557 832 2595 sibi
854 2557 915 2594 de-

219 2623 313 2662 derit
351 2623 587 2669 consuetudo,
622 2623 792 2674 colligere
828 2635 914 2674 neg-

219 2689 336 2728 lexit:
407 2693 431 2712 “
452 2693 537 2727 παῒς
584 2681 695 2726 scribi
740 2689 912 2738 primitus

219 2756 345 2798 debuit
373 2754 491 2802 παῖδτ,
527 2753 643 2792 παῒσδ
680 2754 793 2793 etiam
829 2767 914 2806 pro-

977 1451 1144 1489 nunciari
1165 1451 1294 1501 potuit.
1350 1451 1512 1490 Puerum
1529 1451 1674 1493 παισδα

978 1518 1121 1556 dictum
1141 1517 1291 1564 Dorice,
1323 1517 1447 1555 nullus
1467 1518 1675 1557 Gramma-

979 1583 1136 1621 ticorum
1190 1588 1359 1621 veterum
1410 1597 1477 1622 nos
1521 1584 1670 1633 docuitg

977 1648 1093 1687 παῖδα
1111 1661 1379 1698 saepenumero‚
1410 1650 1556 1688 παΐσδα
1584 1662 1673 1689 nus·

976 1727 1091 1766 quam
1123 1715 1288 1764 praebent
1318 1715 1488 1753 carmina
1516 1715 1670 1764 Dorica,

975 1779 1036 1817 vel
1073 1778 1283 1816 carminum
1310 1778 1547 1830 fragmenta3
1595 1779 1672 1819 Co-

974 1845 1072 1882 dices
1117 1850 1244 1882 autern
1288 1845 1417 1894 scripti
1457 1843 1669 1884 carminum

978 1909 1166 1948 Theocriti
1209 1910 1247 1947 in
1288 1910 1363 1948 ista
1396 1911 1498 1948 vocis
1532 1910 1668 1957 forma,

972 1975 1091 2012 decies
1111 1974 1310 2012 minimum
1327 1980 1547 2022 recurrente,
1568 1989 1669 2014 sem-

972 2051 1037 2088 per
1055 2039 1175 2077 Editis
1194 2039 1426 2079 concinunt.'’
1469 2040 1507 2078 V
1503 2041 1597 2079 alclc.
1618 2042 1668 2080 ad

973 2103 1156 2142 Adoniaz.
1176 2117 1212 2153 p.
1231 2108 1324 2150 349.
1380 2105 1453 2144 His
1470 2119 1560 2145 vero
1577 2108 1668 2146 mis·

972 2168 1022 2207 sis
1049 2175 1197 2218 propter
1223 2182 1332 2207 suam
1355 2170 1549 2219 diatriben,
1576 2185 1666 2224 gra-

972 2239 1049 2270 tum
1074 2233 1246 2286 profecto
1278 2235 1474 2286 legentium
1502 2237 1667 2276 testimo·

971 2298 1082 2344 nium,
1114 2297 1147 2334 si
1179 2311 1249 2336 non
1275 2299 1423 2347 laboris,
1457 2306 1555 2338 certe
1581 2302 1666 2339 sim-

965 2363 1162 2413 plicitatis,
1198 2371 1412 2404 consecutus
1442 2372 1498 2404 est
1533 2368 1665 2406 Mark-

970 2428 1116 2467 landus.

1027 2500 1114 2534 128.

968 2555 1069 2607 cedo,
1107 2562 1293 2600 obnitente
1323 2562 1404 2600 viro
1434 2563 1664 2611 praestantis-

966 2626 1074 2672 simo,
1101 2627 1163 2676 qui
1182 2627 1229 2664 ad
1248 2626 1429 2665 Adoniaz.
1448 2639 1508 2677 pp.
1525 2631 1660 2668 214—

968 2695 1058 2730 234.
1095 2692 1279 2743 judicium
1307 2705 1415 2733 suum
1446 2692 1492 2747 ἃς
1518 2693 1591 2734 hae
1618 2704 1661 2736 re

965 2757 1195 2807 interposuit.

1156 2495 1207 2536 R.
1238 2496 1291 2534 D.
1325 2496 1565 2535 libentissime
1599 2510 1663 2536 ac-
