1864 3132
134 1485 243 1537 136·

919 209 1021 258 228

302 329 309 342 ·“
324 319 401 368 Ad
435 317 508 366 Cl.
546 332 662 366 vero
700 314 976 364 Bentleium
999 319 1325 364 revertamur.
1400 313 1561 366 Sentis
1591 315 1698 384 jam

258 398 389 462 quali
436 394 774 461 conjuratione
828 393 933 443 viro
985 394 1322 453 eruditissimo,
1378 393 1619 444 AEolicum
1671 400 1702 444 Ρ

257 476 502 540 digamma
536 473 587 520 in
625 464 828 521 Homeri
860 473 1096 537 poematis
1131 473 1293 521 locum
1326 473 1438 522 olim
1473 475 1701 524 habuisse

258 554 468 612 docenti,
509 560 728 602 veterum
768 554 1045 602 testimonia
1078 559 1227 619 atque
1262 554 1566 618 antiquitatis
1601 569 1706 602 mo-

259 634 495 676 numenta
534 629 867 677 adversentur.
956 629 1112 678 Porro
1150 635 1312 677 autem
1351 630 1443 678 viri
1482 629 1556 677 Cl.
1597 628 1704 676 fau-

258 712 405 764 tores,
453 706 493 753 si
535 707 619 770 qui
659 706 770 765 sint,
815 707 1095 771 expediant,
1141 706 1300 764 velim,
1349 722 1562 770 quonam
1602 706 1707 753 fato
1762 725 1777 736 ·

260 784 550 849 contingere
573 784 822 848 potuisset,
854 791 907 832 ut
939 785 1097 851 figura
1126 784 1334 849 insignis
1364 785 1488 832 adeo
1516 790 1566 832 et
1589 799 1706 832 con-

252 862 429 925 spicua
452 861 669 910 locorum
697 861 914 910 centenis
943 861 1154 909 millibus
1177 861 1494 909 intercideret
1514 861 1576 910 :⁵9
1611 875 1708 925 qua

261 941 467 1000 tandem·
515 940 653 1006 virga
707 940 961 1005 plusquam
1021 940 1211 989 Circaea
1267 939 1472 987 Homeri
1530 939 1709 1002 scripta

262 1025 360 1067 tam
406 1019 673 1066 inauditam
721 1017 1135 1081 metamorphosin
1182 1017 1344 1066 subire
1401 1016 1707 1081 potuissent:

262 1112 373 1160 quae
408 1096 604 1143 tandem
641 1102 767 1143 esset
802 1095 1061 1160 singularis
1093 1095 1174 1142 illa
1201 1095 1353 1160 virgae
1385 1091 1712 1158 αντιὸιγαμμου

263 1170 486 1235 qualitas,
530 1187 656 1235 quae,
698 1171 792 1220 luis
831 1171 1140 1236 AEgyptiacae
1173 1172 1236 1219 ad
1272 1171 1440 1230 instar,
1465 1171 1526 1237 in
1566 1171 1712 1219 unius

262 1249 409 1316 hujus
457 1249 685 1297 elementi
730 1249 1116 1297 internecionem
1163 1255 1485 1315 grassaretur,
1533 1255 1714 1297 caetera

265 1326 429 1374 omnia
451 1325 636 1374 intacta
669 1327 955 1390 praeteriret.
1027 1325 1220 1375 Notatu
1257 1326 1452 1391 quidem
1484 1326 1616 1374 haud
1638 1325 1713 1372 in-

266 1403 470 1467 dignum
518 1408 592 1449 est
635 1403 789 1450 virum
837 1402 1070 1450 Graecum
1115 1417 1326 1465 eumque
1365 1401 1495 1449 inter
1532 1400 1714 1465 primos

267 1483 297 1512 *
317 1471 576 1539 eruditum,
618 1481 911 1546 Dionysium
952 1480 1062 1528 dico
1099 1479 1598 1538 Halicarnassensem,
1643 1477 1717 1526 uti

268 1574 416 1622 supra
449 1558 670 1616 vidimus,
711 1573 877 1605 errore
905 1573 1006 1606 non
1040 1556 1135 1605 levi
1169 1563 1390 1605 veterum
1422 1561 1450 1604 Ρ
1482 1563 1715 1621 tanquam

269 1634 500 1700 syllabam
544 1645 619 1683 ΟΥ
658 1634 920 1699 accepisse.
1004 1634 1169 1698 Atque
1208 1633 1340 1703 hinc,
1364 1634 1559 1698 quidem
1600 1648 1717 1680 con-

269 1720 415 1777 ceptu
449 1713 738 1776 neutiquam
773 1712 865 1760 erit
899 1710 1106 1769 difficile,
1149 1727 1246 1776 quo
1275 1719 1420 1775 pacto
1444 1712 1604 1778 figura
1624 1711 1719 1758 ista

270 1808 332 1839 ex
365 1790 534 1855 paucis
570 1790 700 1853 apud
734 1789 1004 1837 Homerum
1038 1789 1156 1836 locis
1192 1789 1430 1838 eliminari
1465 1789 1715 1854 potuisset.

274 1868 454 1932 Finge,
489 1866 626 1914 verbi
665 1866 840 1929 gratia,
881 1865 1001 1912 illud
1025 1863 1320 1931 Vil.1[A,].
1358 1876 1457 1919 390.
1498 1865 1718 1930 aliquan-

276 1944 339 1991 do
363 1943 431 1990 sic
454 1948 857 2006 repraesentatum
882 1941 1044 1998 fuisse,

377 2026 439 2068 Ες
471 2024 650 2084 Χρυσην
679 2040 945 2077 πεμπουσιν,
977 2040 1141 2082 α’γουσι
1169 2014 1216 2066 δε
1244 2014 1359 2083 Scopa
1393 2023 1594 2080 Ρανακτι,

276 2116 305 2147 a
347 2097 537 2146 Graecis
582 2104 745 2144 autem
792 2097 1146 2145 recentioribus
1191 2097 1259 2144 ita
1303 2097 1617 2157 intellectum,
1661 2115 1720 2147 ac

277 2175 317 2223 si
358 2175 463 2240 ejus
503 2180 719 2238 potestas
761 2182 888 2223 esset
928 2171 1044 2240 δωρα
1080 2184 1155 2222 ΟΥ
1189 2197 1372 2223 avarem:
1425 2176 1477 2223 in
1517 2175 1721 2240 proclivi

277 2254 499 2319 profecto
543 2254 602 2302 iis
647 2254 818 2303 fuisset
862 2255 990 2303 istud
1036 2263 1127 2313 ΟΥ,
1175 2254 1356 2320 quippe
1404 2256 1537 2319 quod
1580 2255 1722 2304 metri

279 2333 519 2383 rationem
565 2334 891 2397 perturbaret,
948 2332 1207 2380 delendum
1255 2349 1442 2391 curare,
1499 2339 1554 2381 ut
1597 2333 1722 2380 adeo

276 2409 520 2474 reliquum
579 2417 721 2468 esset,
780 2425 877 2476 quo
934 2411 1077 2458 modo
1135 2418 1183 2458 et
1239 2411 1332 2475 ipsi
1387 2411 1721 2474 loquerentur,

281 2485 397 2551 δωρα
431 2507 621 2545 avan-rm
675 2487 750 2536 vel
784 2488 911 2535 forte
944 2487 1105 2535 hiatus
1137 2488 1321 2536 vitandi
1355 2503 1501 2536 causa
1535 2485 1650 2552 δωρα
1682 2507 1722 2549 σγ

282 2584 452 2610 ανακτι.
540 2562 722 2611 Verum
765 2565 1076 2613 consonantis
1117 2564 1224 2613 Vau
1262 2572 1474 2630 potestas
1513 2564 1564 2612 in
1603 2563 1722 2612 locis

283 2653 382 2686 non
407 2638 514 2704 jam
555 2641 740 2703 paucis,
782 2643 866 2690 sed
904 2641 955 2689 in
991 2642 1226 2701 centenis,
1274 2649 1329 2691 ut
1362 2642 1582 2702 diximuS,
1618 2640 1727 2693 mil·x

282 2714 409 2765 libus
439 2717 704 2768 obtinebat.

729 2840 796 2881 59.
827 2835 876 2878 R.
893 2838 940 2878 P,
962 2838 1109 2889 Tracts,
1124 2853 1163 2890 p.
1185 2843 1272 2884 117,
