1864 3132
894 227 995 282 581

220 342 393 393 fefellit
426 330 544 391 vera
577 340 714 390 istius
740 341 893 412 'verbi‘
917 330 1156 404 scriptura
1192 339 1494 386 απολισθανει.
1566 334 1654 384 80-

217 419 419 486 phocles
440 418 572 483 apud
594 417 794 467 Suidam
818 418 868 465 in
893 417 952 465 V.
976 422 1048 468 Ως.

390 512 640 563 Θανμαστα
671 528 768 571 *γαρ
803 529 861 554 το
893 506 1027 568 τοξον
1060 505 1116 557 ὥς
1150 513 1475 553 ΟΛΙΣΘΑΝΕΙ.
1519 528 1522 530 ·

218 597 340 648 Loci
381 579 569 647 autem?
590 595 734 664 hujus
769 596 1162 661 depravationem
1208 594 1423 658 deceptis
1467 589 1652 640 librarii

215 676 470 726 scribentis
493 675 691 725 auribus
726 691 917 724 mecum
950 681 1203 739 acceptam
1238 673 1435 722 referes,

210 819 462 873 ἐξολισθάνοι.
491 821 563 872 Eq.
581 825 672 868 489.
703 820 903 874 ἐξολισθά-

214 898 284 922 νειν
316 882 368 921 R.
383 884 428 932 Ρ.
456 884 555 934 apud
583 883 632 922 P.
652 883 700 922 P.
718 883 774 922 D.
802 885 906 923 Ach.

213 951 306 992 704.
333 947 559 1001 Ἐξολέσθαι
585 949 675 988 Pac.
703 953 792 987 140.
819 949 906 1003 ἐξο-

210 1013 362 1050 λισθεῖν.
405 1011 550 1050 Eccles.
574 1010 667 1051 286.
711 1010 904 1065 ε’ξολισθῇ.

210 1073 268 1112 Ut
294 1073 350 1112 D.
369 1073 422 1112 R.
451 1075 500 1112 asi
529 1075 702 1125 Xenoph.
732 1075 853 1112 Mem.
873 1087 904 1121 1,

206 1136 246 1183 ii,
274 1141 340 1176 22.
400 1136 666 1190 ἔξολισθαὶνειν
700 1137 904 1183 admiserit,

206 1198 271 1250 qui
294 1197 597 1239 ’ἀπολισθαίνειν
643 1200 692 1237 ad
743 1199 902 1250 Longin.

205 1253 244 1308 §.-
259 1274 332 1301 tu.
370 1262 596 1312 repudiarat,
622 1263 660 1302 id
677 1263 773 1302 mihi
789 1264 902 1302 vehe-

204 1332 351 1366 menter
368 1316 490 1365 dolet:
510 1326 586 1365 Sed
593 1328 765 1379 graviter
774 1328 900 1381 magni

204 1403 337 1442 magno
355 1389 519 1429 cecidere
539 1391 591 1430 ibi
607 1404 708 1430 casu.
735 1397 762 1415 ‘⁴
781 1391 902 1430 Ἀπο-

203 1456 388 1504 λισθιίνοι,
429 1456 527 1508 quod
563 1448 724 1496 verbum'
757 1457 899 1495 Lexica

194 1514 388 1572 ignorant,
421 1534 498 1560 una
526 1534 613 1560 cum
648 1520 898 1568 διολισθάνειν,

203 1584 319 1623 habet
329 1584 445 1623 Paus.
463 1585 692 1625 Eliac.448.
721 1586 897 1624 Alterum

203 1649 296 1688 Luc.
316 1650 412 1688 Rev.
431 1663 463 1688 c.
483 1654 550 1689 30.
576 1663 694 1702 neque
711 1651 803 1689 adeo
819 1662 901 1689 eor-

202 1714 395 1765 rigendum
424 1715 464 1767 [a
493 1714 536 1753 T.
562 1715 635 1767 H.]
670 1715 709 1754 in
733 1717 899 1766 ejusdem

203 1779 307 1819 Dial.
336 1779 439 1817 Mar.
459 1791 535 1818 xv,
567 1793 600 1818 c.
620 1781 683 1819 2.”
719 1774 897 1819 Abrescn‘.

202 1845 251 1882 ad
274 1845 450 1895 Thucyd.
483 1858 520 1895 p.
541 1843 633 1889 716.
688 1846 897 1884 Pausanias

204 1919 249 1956 v,
278 1912 344 1952 27.
374 1908 684 1948 ἀπολισθαίνουσι.
724 1910 896 1949 AElianus

201 1973 246 2011 de
264 1973 316 2011 N.
334 1973 385 2011 A.
407 1985 474 2021 lx,
492 1979 529 2019 9.
548 1974 786 2014 ιῖπολισθᾰνει
803 1975 895 2014 Cod.

202 2037 294 2076 Vat.
311 2035 406 2082 997.
452 2044 490 2076 et
510 2050 583 2086 xx,
613 2037 680 2092 61„
729 2052 794 2087 xl,
827 2044 894 2079 22.

203 2112 302 2147 ΧΠ,
332 2105 367 2139 8.
406 2113 528 2149 xv11‚
547 2107 613 2140 21.
632 2108 669 2141 et
682 2107 748 2141 44.
774 2115 895 2142 κατο-

201 2165 378 2204 λισθάνει.
413 2166 644 2205 ΟΙΔΑΝΩ.
681 2168 779 2215 11.1,
800 2173 892 2207 554.

203 2229 352 2268 Οἷδάνει
370 2231 410 2268 ἐν
427 2233 630 2276 στήθεσσι.
645 2233 892 2283 Aristophan.

201 2291 292 2330 Pac.
315 2290 430 2330 1165.
457 2293 536 2329 Τόν
560 2309 606 2331 τε
633 2292 780 2349 φῆλῇχ’
797 2298 895 2350 δρῶν

190 2353 385 2394 ’ἀδείην-ν’
403 2354 455 2392 R.
471 2354 519 2392 Β.
549 2361 586 2394 et
616 2355 667 2394 R.
682 2358 729 2395 P.
760 2359 895 2396 Tracta

192 2416 285 2454 xcii.
304 2415 434 2465 Apoll.
449 2415 573 2453 Rhod.
587 2428 619 2463 1,
631 2420 726 2459 478.
746 2416 894 2455 Οἰδιίνει

190 2479 239 2519 “ε’ν
260 2481 461 2525 στηθεσσι.
509 2478 618 2517 Conf-
648 2479 893 2518 Eschenback.

193 2546 249 2584 ‘ad
269 2544 533 2595 Pseud-Orph.
562 2546 771 2595 Argonaut.
802 2545 894 2584 363.

202 2609 449 2647 ΛΛΦΑΝΩ.
498 2607 626 2657 Eurip.
661 2608 776 2646 Med:
801 2613 894 2654 299.

202 2672 342 2725 φθόνον
378 2673 472 2726 πρός·
506 2673 640 2710 α’σταῖν
682 2673 893 2724 α’λφάνονσι

203 2734 372 2782 δυσμενῆ.
414 2734 610 2785 Aristoph.
640 2735 795 2774 Thesm.
827 2737 894 2775 alt.

209 2810 307 2838 xV1.
348 2799 388 2839 in
424 2800 492 2839 Br.
526 2800 574 2838 T.
610 2812 684 2840 111.
728 2815 766 2852 p.
800 2806 893 2842 251.

1508 669 1653 719 Libet

958 821 1130 873 α’λφᾰνει.
1174 819 1383 858 Menander
1417 818 1517 868 apud
1551 816 1652 855 Cler.

958 900 995 937 p.
1027 890 1223 925 134=58.
1264 885 1315 923 R.
1333 884 1382 922 B.
1427 889 1464 923 et
1497 882 1652 934 Eupolis

957 949 1058 1000 apud
1071 949 1173 987 Suid.
1185 962 1223 987 v.
1236 947 1406 1000 α’λφιίνω.
1435 945 1652 997 Hesychius

956 1012 1176 1065 Ἀλφάδδει.
1202 1013 1372 1066 εὑρίσκει.
1398 996 1456 1047 καὶι
1467 1010 1652 1060 α’λφαῖνει.

959 1077 1005 1115 L.
1026 1077 1200 1129 ἆλφάνει.
1251 1076 1296 1113 In
1323 1074 1522 1125 Apostolio
1552 1083 1651 1118 xvr,

958 1145 1024 1179 28.
1051 1139 1225 1188 ἄμπελον
1249 1140 1325 1193 *γάρ
1350 1154 1449 1177 τινος
1467 1135 1653 1190 φυτάνον-

957 1221 1040 1252 τος,
1068 1210 1092 1229 “
1106 1205 1170 1245 sed
1185 1204 1316 1242 Codex
1328 1203 1448 1241 Paris.
1467 1203 1516 1241 ab
1526 1204 1651 1252 Apos-

955 1268 1046 1306 tolio
1076 1268 1157 1319 ipso
1193 1267 1436 1317 conscriptus,
1470 1266 1650 1318 φυτεύον-

955 1330 1055 1370 τος.”
1082 1330 1191 1369 Bast.
1208 1344 1267 1381 ep.
1285 1344 1340 1368 cr.
1356 1344 1393 1380 p.
1411 1334 1503 1375 249.
1530 1329 1650 1367 Null'a

954 1394 1050 1431 ratio
1066 1392 1242 1431 habenda
1264 1399 1321 1431 est
1343 1392 1491 1442 Toupii‚
1519 1393 1581 1443 qui
1598 1392 1647 1430 ad

956 1458 1115 1509 Longin.
1157 1461 1188 1507 §-
1219 1470 1292 1496 111.
1337 1458 1437 1495 hanc
1473 1458 1647 1495 ernenda-

951 1521 1090 1559 tionem
1110 1521 1344 1572 perstringit:
1364 1526 1391 1544 “
1408 1520 1482 1559 Sed
1499 1522 1646 1559 obstare

950 1585 1108 1633 videtur,
1121 1591 1162 1624 ut
1172 1585 1267 1624 alios
1274 1585 1475 1635 permultos
1485 1590 1645 1631 taceam,

954 1651 1105 1698 Musaei,
1121 1651 1156 1688 si
1170 1663 1242 1701 qua
1255 1650 1405 1699 devotum,
1418 1650 1643 1688 auctoritas:

951 1719 1017 1761 95.
1046 1717 1113 1754 ἀπ’
1137 1710 1352 1767 ὀφθαλμοῖο
1375 1713 1532 1765 βολάων
1553 1715 1647 1755 ’Ἐλ-

952 1795 1015 1817 κος·
1044 1777 1646 1828 ΟΛῙΣΘΑῙΝΕῙ”-(Κάλλος

952 1841 1193 1891 Schrader-u,
1216 1841 1282 1882 sed
1299 1841 1495 1892 vulgatam
1513 1842 1644 1880 retinet

950 1906 1096 1945 Muret.
1118 1907 1222 1957 opp.
1243 1917 1305 1944 rv.
1324 1919 1361 1955 p.
1380 1909 1472 1944 413.
1503 1905 1643 1951 Quidni

949 1974 1116 2020 pergeret
1158 1970 1197 2007 in
1241 1968 1457 2018 exemplum
1496 1969 1643 2006 trahere

949 2035 1078 2085 Apoll.
1114 2034 1239 2072 Rhod.
1275 2046 1306 2080 1,
1343 2038 1436 2078 377.
1475 2033 1548 2072 “sse
1582 2049 1643 2072 κεν

947 2099 1218 2138 ὀλισθαίνουσα
1233 2098 1274 2137 δι’
1284 2098 1435 2136 αὐτάων
1445 2098 1641 2153 φορέοιτο.

948 2175 1021 2210 111,
1056 2166 1168 2201 383.
1205 2162 1363 2201 Νειόθεν
1402 2163 1641 2210 οἰδαίνεσκον,

944 2226 1101 2267 ἐέλδετο
1129 2228 1160 2266 δ’
1183 2227 1303 2267 ἔνδοθι
1329 2228 1450 2276 θυμός.
1497 2228 1641 2278 Orphei

949 2294 1158 2342 Argonaut.
1178 2290 1256 2330 363
1275 2291 1399 2342 (367).
1412 2293 1563 2345 Ἀφροῧ
1578 2291 1641 2339 ἅμ’

948 2356 1174 2394 οἷδαὶνοντος·
1203 2357 1279 2394 ν’πδ
1306 2358 1442 2410 τρόπιν
1467 2358 1556 2396 ἔνθα
1581 2355 1640 2395 καὶ

947 2419 1062 2459 ἔνθα;
1119 2427 1157 2458 et
1201 2421 1413 2460 οἶδαὶνουσα
1458 2424 1638 2462 θάλασσα

948 2484 1046 2532 apud
1081 2485 1259 2522 Aratum.
1317 2485 1390 2523 Sed
1424 2485 1638 2534 hujusmodi

947 2548 1164 2599 quisquiliae,
1189 2551 1303 2599 probe
1330 2551 1435 2587 novit
1458 2548 1636 2598 Tampius,

947 2612 1185 2662 scriptoribus
1203 2614 1468 2659 condonandae,
1488 2612 1549 2662 qui
1565 2612 1637 2650 ele-

947 2677 1093 2726 gantias
1121 2691 1146 2715 a
1173 2685 1341 2716 veterum
1367 2678 1521 2715 lectione
1545 2678 1636 2715 arri-

945 2746 1116 2791 puerunt,
1146 2749 1184 2781 et
1212 2744 1337 2780 sordes
1365 2755 1390 2779 a
1417 2741 1543 2780 saeculi
1578 2733 1634 2779 sui

947 2807 1163 2858 contagione
1179 2812 1383 2846 traxerunt.
1446 2823 1450 2826 ’
