1864 3132
830 225 931 275 58⁷

165 335 238 384 uti
257 332 410 399 vulgo
425 332 750 397 accipiuntur,
788 332 950 382 nullus
971 340 1046 382 est
1070 346 1258 392 sensus,
1297 333 1596 383 constructio

155 409 312 462 nulla.
371 409 597 476 conjecit
617 416 780 458 autem
805 409 972 459 nescio
996 411 1106 476 quis
1121 404 1234 460 Ἀλλ
1256 432 1404 460 εασον.
1445 409 1598 474 Atqui

166 488 260 537 hoc
282 494 428 552 pacto
452 487 608 538 minus
628 487 882 535 commode
909 486 1238 545 eliminabitur
1258 510 1408 537 ‹zm-ov.
1454 485 1599 536 ‘Ver-

163 564 335 613 borum
357 580 388 612 a
412 562 655 628 Sophocle
682 563 1013 627 profectorum
1046 563 1240 629 plenam
1277 568 1595 631 protestatem

164 645 326 693 statuo
347 644 453 689 Αλλ
474 662 527 689 ea
549 661 696 718 quw-n,
730 654 821 703 per
854 639 1012 688 crasin
1035 655 1154 688 vero
1176 638 1471 689 efferendam
1494 654 1600 688 esse

163 721 270 765 Αλλ
292 737 451 774 nna-ov:
487 722 580 785 aut
604 716 750 772 etiam
784 716 1022 780 producta
1055 715 1209 765 vocali
1238 741 1284 776 a,
1318 722 1423 766 Αλλ
1445 738 1594 766 ava-ov.

161 790 341 865 Itaque
364 799 519 842 totum
539 780 709 846 locum
722 791 794 840 sic
816 792 1038 859 refingo:

591 904 712 953 ὥστε
747 912 915 951 ΜΗΔΕ
947 901 1118 969 Spuma-a
1152 927 1206 954 cre

234 984 304 1030 Ta
338 1003 429 1030 των
459 1002 672 1031 «ama-mv
703 989 1122 1038 ΔΥΣΣΕΒΕΣΤΑΤ,
1157 991 1194 1030 Ω
1227 1004 1389 1048 wau-ep,

231 1066 423 1105 eEMIN
452 1081 508 1108 σε
539 1080 579 1122 *γ
611 1081 719 1108 ειναι
752 1079 886 1106 κεινον
918 1055 1126 1123 αντιδρᾳν
1157 1060 1365 1109 tcaxms.3¹⁷

230 1138 338 1181 Αλλ
372 1142 585 1182 ΗγΤοΝ·
632 1135 785 1184 em³¹⁸

159 1231 310 1290 Herc.
336 1238 437 1281 206.
476 1230 643 1284 Παιδας
678 1230 725 1280 δε
757 1231 809 1290 δη
842 1256 889 1281 τι
924 1229 1063 1282 τουσδ
1096 1254 1348 1282 arom-emat
1383 1234 1551 1292 θελεις;

476 1314 531 1358 Τι
564 1333 637 1360 σοι
669 1309 695 1359 3
729 1309 918 1377 εδρασαν

165 1414 313 1482 Legit
351 1414 572 1480 Scaliger
610 1421 668 1464 Τι
702 1415 752 1474 δη
792 1441 824 1466 o·
863 1417 1079 1484 εδρασανς
1139 1418 1270 1467 Vidit
1314 1418 1488 1481 utique
1533 1417 1606 1465 vir

90 1490 92 1492 ’
157 1507 375 1542 summus
396 1493 619 1542 vitiosam
645 1502 858 1559 receptae
879 1496 1103 1544 lectionis
1126 1495 1369 1561 syntaxin.
1406 1493 1605 1561 Nempe

162 1573 362 1622 verbum
406 1570 512 1638 δρᾳν
549 1567 600 1621 et
638 1573 823 1632 similia,
870 1574 1060 1638 quoties
1101 1573 1302 1636 notione
1343 1571 1457 1619 huic
1494 1570 1606 1618 loco

163 1649 527 1698 accommodata
549 1650 889 1708 adhibeantur,
924 1650 999 1700 vel
1033 1667 1144 1698 cum
1177 1650 1378 1715 gemino
1405 1663 1605 1695 accusa-

164 1726 278 1785 tivo,
316 1725 395 1775 vel
434 1742 545 1774 cum
562 1727 857 1784 accusativo
891 1733 942 1776 et
975 1726 1206 1776 adverbio
1236 1730 1604 1774 construuntur.

166 1802 279 1862 Qua
316 1803 378 1850 de
411 1818 465 1850 re
501 1802 764 1867 Barnesius
803 1802 872 1851 nil
913 1803 1175 1868 quidquam
1211 1802 1482 1866 suspicatus
1515 1798 1601 1849 est.

166 1878 459 1943 Quanquam
517 1896 633 1928 vero
678 1881 752 1928 vir
806 1896 1020 1929 summus
1074 1879 1169 1927 loci
1226 1879 1446 1926 morbum
1496 1892 1607 1941 per-

161 1961 383 2019 spectum
417 1955 656 2014 habuerit,
692 1956 981 2005 medicinam
1023 1962 1186 2003 tamen
1222 1955 1380 2002 minus
1415 1944 1605 2001 felice‘m

221 2111 316 2152 317.
343 2107 465 2156 Θέμις,
482 2109 553 2146 ΣΕ
572 2109 612 2147 Γ
638 2108 808 2155 EINAI,
827 2100 874 2146 κ)

166 2172 205 2211 ἆ.
222 2188 257 2210 κ.
285 2170 376 2208 Non
380 2171 454 2224 fas
472 2174 523 2209 sit
541 2179 673 2221 tamen,
701 2173 797 2225 quod
814 2174 863 2212 ad

169 2240 208 2273 te
225 2235 560 2285 attinet.—Toup.
584 2237 613 2274 1.
629 2249 664 2274 c.
693 2243 718 2261 “
741 2238 864 2275 Miror

915 2108 1062 2156 ἅννσον,
1090 2108 1164 2156 vel,
1191 2107 1277 2146 ἀλλ’
1297 2106 1428 2161 εἶξον.”
1455 2107 1606 2159 Musgr.

914 2172 999 2211 ἀλλ’
1023 2172 1066 2212 ’ἔα
1092 2172 1207 2210 ’ντόν.
1246 2171 1315 2209 Br.
1352 2172 1399 2210 ad
1431 2172 1457 2210 l.
1491 2178 1529 2210 et
1557 2172 1606 2209 ad

916 2238 1016 2287 Rau.
1048 2241 1151 2276 1243
1176 2240 1334 2287 (1274):
1367 2237 1431 2275 sed
1461 2238 1511 2275 ibi
1530 2237 1609 2274 Ἔα

169 2298 340 2350 equidem
401 2297 583 2348 Toupium
640 2299 863 2339 facillimam

171 2362 340 2401 Dawesii
358 2362 622 2400 correctionem
645 2363 757 2411 θέμιν
776 2366 865 2415 reje-

168 2428 274 2474 cisse,
298 2434 340 2466 ut
355 2427 562 2465 inauditam
585 2427 809 2467 locutionem
826 2431 865 2468 in

170 2494 348 2534 Graecam
364 2493 532 2544 linguam
549 2493 752 2532 inveheret.
776 2494 864 2532 Ma-

170 2558 246 2611 gris
263 2559 393 2606 miror,
415 2557 604 2596 Brunckio
618 2571 704 2597 eum
722 2565 866 2597 senten-

171 2624 257 2662 tiari
281 2637 391 2663 suam
418 2625 629 2674 probasse.”
669 2624 719 2662 R.
738 2625 786 2663 P.
815 2624 863 2663 ad

176 2686 293 2739 Toup.
320 2701 357 2738 p.
373 2693 467 2727 453.

226 2755 321 2790 318.
345 2758 370 2777 ‘⁴
389 2753 491 2792 Mihi
517 2766 563 2791 αι
588 2753 704 2792 erasis
720 2754 864 2793 durius-

174 2816 260 2855 cula
279 2817 500 2867 videtur,-.
551 2819 761 2858 Tentabam
778 2818 863 2858 ἀλλ’

914 2302 1168 2339 ’mciv—recte
1183 2301 1298 2340 habet
1315 2301 1469 2339 Aldina.
1498 2301 1549 2338 R.
1562 2301 1606 2339 P.

917 2366 1016 2416 apud
1035 2365 1084 2402 P.
1103 2365 1150 2403 P.
1165 2365 1229 2403 D.—
1252 2366 1360 2404 Nihil
1378 2367 1498 2405 habeo
1513 2366 1609 2418 quod

916 2431 1150 2480 interponam
1163 2446 1174 2476 3
1202 2432 1287 2470 vide
1299 2433 1397 2470 Add.
1412 2433 1459 2470 ad
1470 2446 1507 2482 p.
1518 2436 1609 2475 474.

917 2501 941 2520 “
961 2497 1046 2534 Scio
1063 2509 1272 2536 sermonem
1289 2503 1326 2536 et
1337 2498 1457 2536 decori
1472 2496 1609 2535 servire

918 2566 955 2598 et
971 2561 1117 2600 aurium
1141 2561 1322 2612 voluptati
1335 2578 1347 2608 ;
1376 2556 1484 2599 unde
1498 2561 1541 2599 fit
1566 2566 1608 2598 ut

918 2636 1017 2673 saepe
1034 2624 1135 2662 aliud
1152 2625 1371 2671 scribamus,
1386 2624 1486 2662 aliud
1497 2637 1611 2662 enun—

918 2691 1090 2729 ciemus.”
1148 2689 1273 2728 Velius
1314 2690 1465 2739 Longus
1510 2689 1609 2738 apud

920 2757 1098 2807 Burgess.

1186 2826 1211 2858 4
1232 2834 1258 2858 G
