<?xml version="1.0" encoding="UTF-8"?>
<!DOCTYPE html PUBLIC "-//W3C//DTD XHTML 1.0 Transitional//EN"
    "http://www.w3.org/TR/xhtml1/DTD/xhtml1-transitional.dtd">
<html xmlns="http://www.w3.org/1999/xhtml" xml:lang="en" lang="en">
 <head>
  <title>
</title>
<meta http-equiv="Content-Type" content="text/html;charset=utf-8" />
  <meta name='ocr-system' content='tesseract 3.04.00' />
  <meta name='ocr-capabilities' content='ocr_page ocr_carea ocr_par ocr_line ocrx_word'/>
</head>
<body>
  <div class='ocr_page' id='page_1' title='image "./miscellaneacriti00daweuoft_0188.png"; bbox 0 0 1864 3132; ppageno 0'>
   <div class='ocr_carea' id='block_1_1' title="bbox 890 201 991 248">
    <p class='ocr_par' dir='ltr' id='par_1_1' title="bbox 890 201 991 248">
     <span class='ocr_line' id='line_1_1' title="bbox 890 201 991 248; baseline 0 0"><span class='ocrx_word' id='word_1_1' title='bbox 890 201 991 248; x_wconf 89' lang='grc'>116</span> 
     </span>
    </p>
   </div>
   <div class='ocr_carea' id='block_1_2' title="bbox 170 304 1689 1899">
    <p class='ocr_par' dir='ltr' id='par_1_2' title="bbox 228 304 1664 371">
     <span class='ocr_line' id='line_1_2' title="bbox 228 304 1664 371; baseline 0.001 -16"><span class='ocrx_word' id='word_1_2' title='bbox 228 309 353 364; x_wconf 85' lang='lat' dir='ltr'>dam,</span> <span class='ocrx_word' id='word_1_3' title='bbox 390 307 439 354; x_wconf 91' lang='lat' dir='ltr'>in</span> <span class='ocrx_word' id='word_1_4' title='bbox 465 321 608 371; x_wconf 88' lang='lat' dir='ltr'>quem</span> <span class='ocrx_word' id='word_1_5' title='bbox 633 304 759 352; x_wconf 85' lang='lat' dir='ltr'>forte</span> <span class='ocrx_word' id='word_1_6' title='bbox 784 304 945 363; x_wconf 90' lang='lat' dir='ltr'>incidi,</span> <span class='ocrx_word' id='word_1_7' title='bbox 980 304 1324 370; x_wconf 82' lang='lat' dir='ltr'>grammaticus</span> <span class='ocrx_word' id='word_1_8' title='bbox 1341 306 1375 363; x_wconf 80' lang='lat'>⁹,</span> <span class='ocrx_word' id='word_1_9' title='bbox 1413 306 1497 370; x_wconf 90' lang='lat' dir='ltr'>qui</span> <span class='ocrx_word' id='word_1_10' title='bbox 1532 314 1582 356; x_wconf 89' lang='lat' dir='ltr'>et</span> <span class='ocrx_word' id='word_1_11' title='bbox 1607 308 1664 357; x_wconf 90' lang='lat' dir='ltr'>li·</span> 
     </span>
    </p>

    <p class='ocr_par' dir='ltr' id='par_1_3' title="bbox 226 380 1664 432">
     <span class='ocr_line' id='line_1_3' title="bbox 226 380 1664 432; baseline -0.001 0"><span class='ocrx_word' id='word_1_12' title='bbox 226 384 366 432; x_wconf 89' lang='lat' dir='ltr'>brum</span> <span class='ocrx_word' id='word_1_13' title='bbox 404 399 543 430; x_wconf 91' lang='lat' dir='ltr'>suum</span> <span class='ocrx_word' id='word_1_14' title='bbox 584 380 860 430; x_wconf 87' lang='lat' dir='ltr'>doctissimo</span> <span class='ocrx_word' id='word_1_15' title='bbox 895 381 1092 431; x_wconf 87' lang='lat' dir='ltr'>Clarkio</span> <span class='ocrx_word' id='word_1_16' title='bbox 1126 382 1498 431; x_wconf 84' lang='lat' dir='ltr'>examinandum</span> <span class='ocrx_word' id='word_1_17' title='bbox 1534 399 1664 432; x_wconf 91' lang='lat' dir='ltr'>com-</span> 
     </span>
    </p>

    <p class='ocr_par' dir='ltr' id='par_1_4' title="bbox 230 454 1664 525">
     <span class='ocr_line' id='line_1_4' title="bbox 230 454 1664 525; baseline 0 -15"><span class='ocrx_word' id='word_1_18' title='bbox 230 463 413 511; x_wconf 87' lang='lat' dir='ltr'>misisse</span> <span class='ocrx_word' id='word_1_19' title='bbox 456 478 507 508; x_wconf 89' lang='lat' dir='ltr'>se</span> <span class='ocrx_word' id='word_1_20' title='bbox 553 458 823 524; x_wconf 87' lang='lat' dir='ltr'>profitetur,</span> <span class='ocrx_word' id='word_1_21' title='bbox 870 460 1144 525; x_wconf 88' lang='lat' dir='ltr'>exemplum</span> <span class='ocrx_word' id='word_1_22' title='bbox 1188 461 1403 509; x_wconf 89' lang='lat' dir='ltr'>venditat</span> <span class='ocrx_word' id='word_1_23' title='bbox 1448 454 1664 510; x_wconf 87' lang='lat' dir='ltr'>futurum</span> 
     </span>
    </p>

    <p class='ocr_par' dir='ltr' id='par_1_5' title="bbox 230 537 1667 601">
     <span class='ocr_line' id='line_1_5' title="bbox 230 537 1667 601; baseline -0.001 -13"><span class='ocrx_word' id='word_1_24' title='bbox 230 540 494 588; x_wconf 88' lang='lat' dir='ltr'>secundum</span> <span class='ocrx_word' id='word_1_25' title='bbox 531 537 702 585; x_wconf 85' lang='lat' dir='ltr'>formae</span> <span class='ocrx_word' id='word_1_26' title='bbox 737 537 964 601; x_wconf 85' lang='lat' dir='ltr'>optativae</span> <span class='ocrx_word' id='word_1_27' title='bbox 999 541 1197 598; x_wconf 75' lang='grc' dir='ltr'><em>τυποῖμι,</em></span> <span class='ocrx_word' id='word_1_28' title='bbox 1237 544 1288 586; x_wconf 87' lang='lat' dir='ltr'>et</span> <span class='ocrx_word' id='word_1_29' title='bbox 1320 539 1551 586; x_wconf 88' lang='lat' dir='ltr'>aoristum</span> <span class='ocrx_word' id='word_1_30' title='bbox 1589 538 1667 587; x_wconf 68' lang='grc' dir='ltr'>τύ·</span> 
     </span>
    </p>

    <p class='ocr_par' dir='ltr' id='par_1_6' title="bbox 230 614 1676 1378">
     <span class='ocr_line' id='line_1_6' title="bbox 437 614 1666 680; baseline 0.001 -19"><span class='ocrx_word' id='word_1_31' title='bbox 437 614 561 675; x_wconf 83' lang='lat' dir='ltr'>Quae</span> <span class='ocrx_word' id='word_1_32' title='bbox 597 629 713 662; x_wconf 88' lang='lat' dir='ltr'>vero</span> <span class='ocrx_word' id='word_1_33' title='bbox 747 614 808 661; x_wconf 90' lang='lat' dir='ltr'>de</span> <span class='ocrx_word' id='word_1_34' title='bbox 841 615 1056 675; x_wconf 78' lang='grc' dir='ltr'>βασίλεια</span> <span class='ocrx_word' id='word_1_35' title='bbox 1085 621 1133 662; x_wconf 89' lang='lat' dir='ltr'>et</span> <span class='ocrx_word' id='word_1_36' title='bbox 1165 617 1382 673; x_wconf 77' lang='grc' dir='ltr'>βασιλεία</span> <span class='ocrx_word' id='word_1_37' title='bbox 1409 614 1516 680; x_wconf 84' lang='lat' dir='ltr'>jam</span> <span class='ocrx_word' id='word_1_38' title='bbox 1545 615 1666 664; x_wconf 88' lang='lat' dir='ltr'>dixi-</span> 
     </span>
     <span class='ocr_line' id='line_1_7' title="bbox 231 690 1667 755; baseline -0.002 -15"><span class='ocrx_word' id='word_1_39' title='bbox 231 708 352 750; x_wconf 84' lang='lat' dir='ltr'>mus,</span> <span class='ocrx_word' id='word_1_40' title='bbox 393 691 453 739; x_wconf 91' lang='lat' dir='ltr'>de</span> <span class='ocrx_word' id='word_1_41' title='bbox 483 690 575 739; x_wconf 93' lang='lat' dir='ltr'>hoc</span> <span class='ocrx_word' id='word_1_42' title='bbox 611 690 793 748; x_wconf 89' lang='lat' dir='ltr'>itidem,</span> <span class='ocrx_word' id='word_1_43' title='bbox 834 690 903 738; x_wconf 92' lang='lat' dir='ltr'>uti</span> <span class='ocrx_word' id='word_1_44' title='bbox 943 697 992 738; x_wconf 91' lang='lat' dir='ltr'>et</span> <span class='ocrx_word' id='word_1_45' title='bbox 1025 691 1085 738; x_wconf 93' lang='lat' dir='ltr'>de</span> <span class='ocrx_word' id='word_1_46' title='bbox 1120 690 1216 738; x_wconf 89' lang='lat' dir='ltr'>alio</span> <span class='ocrx_word' id='word_1_47' title='bbox 1255 706 1549 755; x_wconf 89' lang='lat' dir='ltr'>quocunque</span> <span class='ocrx_word' id='word_1_48' title='bbox 1584 705 1667 736; x_wconf 85' lang='lat' dir='ltr'>ex-</span> 
     </span>
     <span class='ocr_line' id='line_1_8' title="bbox 231 767 1669 835; baseline -0.002 -17"><span class='ocrx_word' id='word_1_49' title='bbox 231 769 405 835; x_wconf 87' lang='lat' dir='ltr'>emplo,</span> <span class='ocrx_word' id='word_1_50' title='bbox 431 769 470 817; x_wconf 91' lang='lat' dir='ltr'>si</span> <span class='ocrx_word' id='word_1_51' title='bbox 495 785 570 817; x_wconf 89' lang='lat' dir='ltr'>res</span> <span class='ocrx_word' id='word_1_52' title='bbox 594 768 876 833; x_wconf 85' lang='lat' dir='ltr'>postularet,</span> <span class='ocrx_word' id='word_1_53' title='bbox 911 768 1004 816; x_wconf 92' lang='lat' dir='ltr'>dici</span> <span class='ocrx_word' id='word_1_54' title='bbox 1028 775 1240 832; x_wconf 84' lang='lat' dir='ltr'>possent.</span> <span class='ocrx_word' id='word_1_55' title='bbox 1311 769 1492 816; x_wconf 88' lang='lat' dir='ltr'>Verum</span> <span class='ocrx_word' id='word_1_56' title='bbox 1515 767 1669 815; x_wconf 89' lang='lat' dir='ltr'>enim-</span> 
     </span>
     <span class='ocr_line' id='line_1_9' title="bbox 230 845 1668 914; baseline -0.003 -17"><span class='ocrx_word' id='word_1_57' title='bbox 230 864 360 907; x_wconf 84' lang='lat' dir='ltr'>vero,</span> <span class='ocrx_word' id='word_1_58' title='bbox 428 863 551 912; x_wconf 88' lang='lat' dir='ltr'>pace</span> <span class='ocrx_word' id='word_1_59' title='bbox 605 846 1050 914; x_wconf 84' lang='lat' dir='ltr'>grammaticorum,</span> <span class='ocrx_word' id='word_1_60' title='bbox 1118 845 1168 893; x_wconf 90' lang='lat' dir='ltr'>in</span> <span class='ocrx_word' id='word_1_61' title='bbox 1220 861 1297 893; x_wconf 93' lang='lat' dir='ltr'>me</span> <span class='ocrx_word' id='word_1_62' title='bbox 1339 845 1668 909; x_wconf 85' lang='lat' dir='ltr'>praestandum</span> 
     </span>
     <span class='ocr_line' id='line_1_10' title="bbox 230 920 1673 989; baseline -0.004 -16"><span class='ocrx_word' id='word_1_63' title='bbox 230 924 417 989; x_wconf 88' lang='lat' dir='ltr'>recipio</span> <span class='ocrx_word' id='word_1_64' title='bbox 463 923 683 971; x_wconf 88' lang='lat' dir='ltr'>futurum</span> <span class='ocrx_word' id='word_1_65' title='bbox 728 923 993 970; x_wconf 88' lang='lat' dir='ltr'>secundum</span> <span class='ocrx_word' id='word_1_66' title='bbox 1040 921 1210 969; x_wconf 86' lang='lat' dir='ltr'>formae</span> <span class='ocrx_word' id='word_1_67' title='bbox 1255 920 1333 968; x_wconf 91' lang='lat' dir='ltr'>vel</span> <span class='ocrx_word' id='word_1_68' title='bbox 1376 921 1548 970; x_wconf 84' lang='lat' dir='ltr'>activae</span> <span class='ocrx_word' id='word_1_69' title='bbox 1594 920 1673 968; x_wconf 85' lang='lat' dir='ltr'>vel</span> 
     </span>
     <span class='ocr_line' id='line_1_11' title="bbox 232 998 1673 1062; baseline -0.003 -13"><span class='ocrx_word' id='word_1_70' title='bbox 232 1001 404 1050; x_wconf 84' lang='lat' dir='ltr'>mediae</span> <span class='ocrx_word' id='word_1_71' title='bbox 434 1001 484 1048; x_wconf 91' lang='lat' dir='ltr'>in</span> <span class='ocrx_word' id='word_1_72' title='bbox 514 999 694 1048; x_wconf 86' lang='lat' dir='ltr'>Graeco</span> <span class='ocrx_word' id='word_1_73' title='bbox 722 1015 947 1048; x_wconf 88' lang='lat' dir='ltr'>sermone</span> <span class='ocrx_word' id='word_1_74' title='bbox 977 1013 1216 1062; x_wconf 86' lang='lat' dir='ltr'>nusquam</span> <span class='ocrx_word' id='word_1_75' title='bbox 1246 998 1463 1062; x_wconf 86' lang='lat' dir='ltr'>reperiri.</span> <span class='ocrx_word' id='word_1_76' title='bbox 1533 1002 1673 1046; x_wconf 80' lang='grc' dir='ltr'>Τυπω</span> 
     </span>
     <span class='ocr_line' id='line_1_12' title="bbox 234 1078 1673 1144; baseline -0.003 -14"><span class='ocrx_word' id='word_1_77' title='bbox 234 1097 331 1131; x_wconf 87' lang='lat' dir='ltr'>non</span> <span class='ocrx_word' id='word_1_78' title='bbox 377 1088 450 1129; x_wconf 86' lang='lat' dir='ltr'>est</span> <span class='ocrx_word' id='word_1_79' title='bbox 495 1081 587 1129; x_wconf 89' lang='lat' dir='ltr'>nisi</span> <span class='ocrx_word' id='word_1_80' title='bbox 631 1079 799 1128; x_wconf 84' lang='lat' dir='ltr'>aoristi</span> <span class='ocrx_word' id='word_1_81' title='bbox 842 1078 1154 1144; x_wconf 85' lang='lat' dir='ltr'>subjunctivi,</span> <span class='ocrx_word' id='word_1_82' title='bbox 1199 1094 1291 1126; x_wconf 90' lang='lat' dir='ltr'>nec</span> <span class='ocrx_word' id='word_1_83' title='bbox 1330 1094 1447 1126; x_wconf 90' lang='lat' dir='ltr'>vero</span> <span class='ocrx_word' id='word_1_84' title='bbox 1490 1100 1673 1136; x_wconf 79' lang='grc' dir='ltr'>τυποιμι</span> 
     </span>
     <span class='ocr_line' id='line_1_13' title="bbox 234 1154 1674 1221; baseline -0.002 -15"><span class='ocrx_word' id='word_1_85' title='bbox 234 1158 324 1207; x_wconf 82' lang='lat' dir='ltr'>nisi</span> <span class='ocrx_word' id='word_1_86' title='bbox 348 1157 515 1206; x_wconf 88' lang='lat' dir='ltr'>aoristi</span> <span class='ocrx_word' id='word_1_87' title='bbox 545 1156 748 1221; x_wconf 90' lang='lat' dir='ltr'>optativi</span> <span class='ocrx_word' id='word_1_88' title='bbox 778 1154 1067 1219; x_wconf 87' lang='lat' dir='ltr'>exemplum.</span> <span class='ocrx_word' id='word_1_89' title='bbox 1139 1159 1396 1214; x_wconf 81' lang='grc' dir='ltr'><em>Τυπουμαι,’</em></span> <span class='ocrx_word' id='word_1_90' title='bbox 1417 1159 1674 1215; x_wconf 76' lang='grc' dir='ltr'><strong><em>τυπεισθαι,</em></strong></span> 
     </span>
     <span class='ocr_line' id='line_1_14' title="bbox 232 1232 1673 1298; baseline -0.003 -14"><span class='ocrx_word' id='word_1_91' title='bbox 232 1258 513 1293; x_wconf 77' lang='grc' dir='ltr'><em>τυπουμενος,</em></span> <span class='ocrx_word' id='word_1_92' title='bbox 558 1240 609 1282; x_wconf 85' lang='lat' dir='ltr'>et</span> <span class='ocrx_word' id='word_1_93' title='bbox 652 1233 824 1281; x_wconf 84' lang='lat' dir='ltr'>similia</span> <span class='ocrx_word' id='word_1_94' title='bbox 868 1249 967 1280; x_wconf 90' lang='lat' dir='ltr'>non</span> <span class='ocrx_word' id='word_1_95' title='bbox 1014 1232 1106 1280; x_wconf 88' lang='lat' dir='ltr'>nisi</span> <span class='ocrx_word' id='word_1_96' title='bbox 1149 1232 1199 1280; x_wconf 91' lang='lat' dir='ltr'>in</span> <span class='ocrx_word' id='word_1_97' title='bbox 1244 1233 1673 1298; x_wconf 84' lang='lat' dir='ltr'>grammaticorum</span> 
     </span>
     <span class='ocr_line' id='line_1_15' title="bbox 233 1308 1676 1378; baseline -0.003 -16"><span class='ocrx_word' id='word_1_98' title='bbox 233 1314 423 1378; x_wconf 88' lang='lat' dir='ltr'>scriptis</span> <span class='ocrx_word' id='word_1_99' title='bbox 458 1319 509 1360; x_wconf 90' lang='lat' dir='ltr'>et</span> <span class='ocrx_word' id='word_1_100' title='bbox 542 1310 792 1363; x_wconf 87' lang='lat' dir='ltr'>cerebellis</span> <span class='ocrx_word' id='word_1_101' title='bbox 825 1309 986 1358; x_wconf 90' lang='lat' dir='ltr'>locum</span> <span class='ocrx_word' id='word_1_102' title='bbox 1015 1325 1219 1373; x_wconf 83' lang='lat' dir='ltr'>usquam</span> <span class='ocrx_word' id='word_1_103' title='bbox 1243 1309 1427 1357; x_wconf 85' lang='lat' dir='ltr'>habent</span> <span class='ocrx_word' id='word_1_104' title='bbox 1446 1309 1496 1358; x_wconf 90' lang='lat'>¹⁰.</span> <span class='ocrx_word' id='word_1_105' title='bbox 1567 1308 1676 1357; x_wconf 85' lang='lat' dir='ltr'>Hu-</span> 
     </span>
    </p>

    <p class='ocr_par' dir='ltr' id='par_1_7' title="bbox 170 1384 1689 1899">
     <span class='ocr_line' id='line_1_16' title="bbox 170 1384 1676 1456; baseline -0.003 -18"><span class='ocrx_word' id='word_1_106' title='bbox 170 1425 183 1440; x_wconf 39' lang='grc' dir='ltr'><em>Ι</em></span> <span class='ocrx_word' id='word_1_107' title='bbox 224 1389 441 1456; x_wconf 86' lang='lat' dir='ltr'>jusmodi</span> <span class='ocrx_word' id='word_1_108' title='bbox 475 1395 640 1437; x_wconf 85' lang='lat' dir='ltr'>autem</span> <span class='ocrx_word' id='word_1_109' title='bbox 671 1387 923 1436; x_wconf 89' lang='lat' dir='ltr'>insomniis</span> <span class='ocrx_word' id='word_1_110' title='bbox 961 1392 1120 1434; x_wconf 90' lang='lat' dir='ltr'>ortum</span> <span class='ocrx_word' id='word_1_111' title='bbox 1156 1386 1343 1434; x_wconf 89' lang='lat' dir='ltr'>dedisse</span> <span class='ocrx_word' id='word_1_112' title='bbox 1376 1385 1568 1434; x_wconf 90' lang='lat' dir='ltr'>videtur</span> <span class='ocrx_word' id='word_1_113' title='bbox 1599 1384 1676 1433; x_wconf 86' lang='lat' dir='ltr'>fu-</span> 
     </span>
     <span class='ocr_line' id='line_1_17' title="bbox 234 1463 1677 1531; baseline -0.003 -15"><span class='ocrx_word' id='word_1_114' title='bbox 234 1475 455 1516; x_wconf 90' lang='lat' dir='ltr'>turorum</span> <span class='ocrx_word' id='word_1_115' title='bbox 479 1467 609 1531; x_wconf 91' lang='lat' dir='ltr'>quod</span> <span class='ocrx_word' id='word_1_116' title='bbox 632 1467 683 1514; x_wconf 91' lang='lat' dir='ltr'>in</span> <span class='ocrx_word' id='word_1_117' title='bbox 706 1464 922 1514; x_wconf 89' lang='lat' dir='ltr'>dialectis</span> <span class='ocrx_word' id='word_1_118' title='bbox 945 1464 1115 1513; x_wconf 90' lang='lat' dir='ltr'>Ionica</span> <span class='ocrx_word' id='word_1_119' title='bbox 1136 1471 1285 1529; x_wconf 89' lang='lat' dir='ltr'>atque</span> <span class='ocrx_word' id='word_1_120' title='bbox 1302 1464 1465 1512; x_wconf 87' lang='lat' dir='ltr'>Attica</span> <span class='ocrx_word' id='word_1_121' title='bbox 1488 1463 1677 1512; x_wconf 86' lang='lat' dir='ltr'>obtinet</span> 
     </span>
     <span class='ocr_line' id='line_1_18' title="bbox 235 1542 1675 1608; baseline -0.002 -15"><span class='ocrx_word' id='word_1_122' title='bbox 235 1544 511 1594; x_wconf 85' lang='lat' dir='ltr'>discrimen.</span> <span class='ocrx_word' id='word_1_123' title='bbox 615 1543 806 1592; x_wconf 89' lang='lat' dir='ltr'>Horum</span> <span class='ocrx_word' id='word_1_124' title='bbox 861 1548 1038 1590; x_wconf 89' lang='lat' dir='ltr'>natura</span> <span class='ocrx_word' id='word_1_125' title='bbox 1093 1548 1243 1606; x_wconf 91' lang='lat' dir='ltr'>atque</span> <span class='ocrx_word' id='word_1_126' title='bbox 1293 1542 1521 1608; x_wconf 83' lang='lat' dir='ltr'>analogia</span> <span class='ocrx_word' id='word_1_127' title='bbox 1565 1557 1675 1590; x_wconf 89' lang='lat' dir='ltr'>cum</span> 
     </span>
     <span class='ocr_line' id='line_1_19' title="bbox 237 1619 1689 1687; baseline -0.002 -18"><span class='ocrx_word' id='word_1_128' title='bbox 237 1637 336 1669; x_wconf 89' lang='lat' dir='ltr'>non</span> <span class='ocrx_word' id='word_1_129' title='bbox 361 1621 512 1680; x_wconf 89' lang='lat' dir='ltr'>solum</span> <span class='ocrx_word' id='word_1_130' title='bbox 536 1620 894 1687; x_wconf 85' lang='lat' dir='ltr'>grammaticos,</span> <span class='ocrx_word' id='word_1_131' title='bbox 931 1620 1016 1667; x_wconf 90' lang='lat' dir='ltr'>sed</span> <span class='ocrx_word' id='word_1_132' title='bbox 1038 1619 1313 1667; x_wconf 87' lang='lat' dir='ltr'>universam</span> <span class='ocrx_word' id='word_1_133' title='bbox 1337 1619 1499 1678; x_wconf 87' lang='lat' dir='ltr'>etiam,</span> <span class='ocrx_word' id='word_1_134' title='bbox 1525 1634 1689 1686; x_wconf 70' lang='lat' dir='ltr'>quan-,</span> 
     </span>
     <span class='ocr_line' id='line_1_20' title="bbox 237 1693 1685 1760; baseline -0.001 -17"><span class='ocrx_word' id='word_1_135' title='bbox 237 1703 339 1743; x_wconf 91' lang='lat' dir='ltr'>tum</span> <span class='ocrx_word' id='word_1_136' title='bbox 362 1695 526 1754; x_wconf 85' lang='lat' dir='ltr'>sciam,</span> <span class='ocrx_word' id='word_1_137' title='bbox 568 1695 844 1743; x_wconf 85' lang='lat' dir='ltr'>criticorum</span> <span class='ocrx_word' id='word_1_138' title='bbox 867 1702 1066 1760; x_wconf 81' lang='lat' dir='ltr'>gentem</span> <span class='ocrx_word' id='word_1_139' title='bbox 1091 1694 1350 1752; x_wconf 84' lang='lat' dir='ltr'>fefellerit3</span> <span class='ocrx_word' id='word_1_140' title='bbox 1403 1695 1454 1742; x_wconf 88' lang='lat' dir='ltr'>in</span> <span class='ocrx_word' id='word_1_141' title='bbox 1479 1709 1538 1742; x_wconf 83' lang='lat' dir='ltr'>ea</span> <span class='ocrx_word' id='word_1_142' title='bbox 1562 1693 1685 1741; x_wconf 30' lang='lat' dir='ltr'>mihi*</span> 
     </span>
     <span class='ocr_line' id='line_1_21' title="bbox 236 1772 1679 1837; baseline 0 -17"><span class='ocrx_word' id='word_1_143' title='bbox 236 1773 404 1821; x_wconf 87' lang='lat' dir='ltr'>videor</span> <span class='ocrx_word' id='word_1_144' title='bbox 426 1774 719 1837; x_wconf 87' lang='lat' dir='ltr'>exponenda</span> <span class='ocrx_word' id='word_1_145' title='bbox 733 1788 898 1837; x_wconf 88' lang='lat' dir='ltr'>operae</span> <span class='ocrx_word' id='word_1_146' title='bbox 920 1772 1274 1837; x_wconf 91' lang='lat' dir='ltr'>aliquantulum</span> <span class='ocrx_word' id='word_1_147' title='bbox 1295 1773 1426 1821; x_wconf 85' lang='lat' dir='ltr'>haud</span> <span class='ocrx_word' id='word_1_148' title='bbox 1444 1773 1679 1822; x_wconf 87' lang='lat' dir='ltr'>inutiliter</span> 
     </span>
     <span class='ocr_line' id='line_1_22' title="bbox 238 1850 591 1899; baseline -0.003 0"><span class='ocrx_word' id='word_1_149' title='bbox 238 1850 591 1899; x_wconf 89' lang='lat' dir='ltr'>conlocaturus.</span> 
     </span>
    </p>
   </div>
   <div class='ocr_carea' id='block_1_3' title="bbox 230 639 364 674">
    <p class='ocr_par' dir='ltr' id='par_1_8' title="bbox 230 639 364 674">
     <span class='ocr_line' id='line_1_23' title="bbox 230 639 364 674; baseline 0 -11"><span class='ocrx_word' id='word_1_150' title='bbox 230 639 364 674; x_wconf 82' lang='grc' dir='ltr'>ποιμι.</span> 
     </span>
    </p>
   </div>
   <div class='ocr_carea' id='block_1_4' title="bbox 236 2012 939 2772">
    <p class='ocr_par' dir='ltr' id='par_1_9' title="bbox 239 2012 933 2129">
     <span class='ocr_line' id='line_1_24' title="bbox 293 2012 933 2059; baseline 0 -7"><span class='ocrx_word' id='word_1_151' title='bbox 293 2018 331 2059; x_wconf 89' lang='grc'>9.</span> <span class='ocrx_word' id='word_1_152' title='bbox 361 2012 513 2052; x_wconf 82' lang='lat' dir='ltr'>Nomen</span> <span class='ocrx_word' id='word_1_153' title='bbox 546 2027 567 2052; x_wconf 89' lang='lat' dir='ltr'>e</span> <span class='ocrx_word' id='word_1_154' title='bbox 599 2014 818 2053; x_wconf 86' lang='lat' dir='ltr'>memoriola</span> <span class='ocrx_word' id='word_1_155' title='bbox 847 2027 933 2053; x_wconf 87' lang='lat' dir='ltr'>mea</span> 
     </span>
     <span class='ocr_line' id='line_1_25' title="bbox 239 2078 414 2129; baseline -0.011 -11"><span class='ocrx_word' id='word_1_156' title='bbox 239 2078 388 2129; x_wconf 79' lang='lat' dir='ltr'>excidit.</span> <span class='ocrx_word' id='word_1_157' title='bbox 412 2111 414 2116; x_wconf 71' lang='grc'><strong>,</strong></span> 
     </span>
    </p>

    <p class='ocr_par' dir='ltr' id='par_1_10' title="bbox 236 2142 939 2772">
     <span class='ocr_line' id='line_1_26' title="bbox 300 2142 934 2182; baseline 0.002 -1"><span class='ocrx_word' id='word_1_158' title='bbox 300 2148 360 2181; x_wconf 90' lang='grc'>10.</span> <span class='ocrx_word' id='word_1_159' title='bbox 390 2143 480 2181; x_wconf 87' lang='lat' dir='ltr'>OEd.</span> <span class='ocrx_word' id='word_1_160' title='bbox 500 2142 583 2181; x_wconf 79' lang='lat' dir='ltr'>Col.</span> <span class='ocrx_word' id='word_1_161' title='bbox 603 2147 693 2181; x_wconf 87' lang='lat'>300.</span> <span class='ocrx_word' id='word_1_162' title='bbox 721 2143 779 2181; x_wconf 78' lang='grc' dir='ltr'>ἿῙ</span> <span class='ocrx_word' id='word_1_163' title='bbox 799 2144 857 2182; x_wconf 59' lang='grc' dir='ltr'>καὶ</span> <span class='ocrx_word' id='word_1_164' title='bbox 875 2144 934 2182; x_wconf 73' lang='grc' dir='ltr'>δο-</span> 
     </span>
     <span class='ocr_line' id='line_1_27' title="bbox 243 2208 935 2262; baseline 0 -16"><span class='ocrx_word' id='word_1_165' title='bbox 243 2213 342 2247; x_wconf 76' lang='grc' dir='ltr'>κεῖτε</span> <span class='ocrx_word' id='word_1_166' title='bbox 373 2211 442 2245; x_wconf 78' lang='grc' dir='ltr'>τοῦ</span> <span class='ocrx_word' id='word_1_167' title='bbox 473 2209 620 2259; x_wconf 73' lang='grc' dir='ltr'>τυφλοῦ</span> <span class='ocrx_word' id='word_1_168' title='bbox 650 2210 716 2246; x_wconf 80' lang='grc' dir='ltr'>τιν’</span> <span class='ocrx_word' id='word_1_169' title='bbox 745 2208 935 2262; x_wconf 70' lang='grc' dir='ltr'>ἐντροπῆν</span> 
     </span>
     <span class='ocr_line' id='line_1_28' title="bbox 236 2270 935 2325; baseline 0.004 -17"><span class='ocrx_word' id='word_1_170' title='bbox 236 2271 290 2309; x_wconf 81' lang='grc' dir='ltr'>ἺῘ</span> <span class='ocrx_word' id='word_1_171' title='bbox 312 2271 480 2325; x_wconf 75' lang='grc' dir='ltr'>φροντίδ’</span> <span class='ocrx_word' id='word_1_172' title='bbox 498 2270 605 2325; x_wconf 76' lang='grc' dir='ltr'><em>ἕξειν,</em></span> <span class='ocrx_word' id='word_1_173' title='bbox 632 2271 798 2312; x_wconf 73' lang='grc' dir='ltr'>καπόνως</span> <span class='ocrx_word' id='word_1_174' title='bbox 817 2273 935 2313; x_wconf 77' lang='grc' dir='ltr'>ἐλθεῖν</span> 
     </span>
     <span class='ocr_line' id='line_1_29' title="bbox 243 2334 935 2384; baseline 0.004 -10"><span class='ocrx_word' id='word_1_175' title='bbox 243 2334 381 2384; x_wconf 45' lang='lat' dir='ltr'>vrekun</span> <span class='ocrx_word' id='word_1_176' title='bbox 411 2336 577 2376; x_wconf 76' lang='grc' dir='ltr'>κᾶπόνως</span> <span class='ocrx_word' id='word_1_177' title='bbox 596 2339 624 2379; x_wconf 84' lang='grc' dir='ltr'>ἐ.</span> <span class='ocrx_word' id='word_1_178' title='bbox 650 2338 824 2377; x_wconf 81' lang='lat' dir='ltr'>editiones</span> <span class='ocrx_word' id='word_1_179' title='bbox 842 2340 935 2377; x_wconf 81' lang='lat' dir='ltr'>Tul·-</span> 
     </span>
     <span class='ocr_line' id='line_1_30' title="bbox 245 2400 935 2454; baseline 0.004 -17"><span class='ocrx_word' id='word_1_180' title='bbox 245 2400 341 2447; x_wconf 79' lang='lat' dir='ltr'>nebi,</span> <span class='ocrx_word' id='word_1_181' title='bbox 372 2400 537 2447; x_wconf 85' lang='lat' dir='ltr'>Canteri,</span> <span class='ocrx_word' id='word_1_182' title='bbox 566 2401 618 2439; x_wconf 92' lang='lat' dir='ltr'>H.</span> <span class='ocrx_word' id='word_1_183' title='bbox 639 2401 831 2454; x_wconf 78' lang='lat' dir='ltr'>Stephani,</span> <span class='ocrx_word' id='word_1_184' title='bbox 851 2403 935 2449; x_wconf 85' lang='lat' dir='ltr'>&amp;c.,</span> 
     </span>
     <span class='ocr_line' id='line_1_31' title="bbox 243 2464 938 2514; baseline 0.004 -11"><span class='ocrx_word' id='word_1_185' title='bbox 243 2464 388 2504; x_wconf 70' lang='grc' dir='ltr'><em>ἀπόνως·</em></span> <span class='ocrx_word' id='word_1_186' title='bbox 408 2466 444 2503; x_wconf 78' lang='grc' dir='ltr'>τ’</span> <span class='ocrx_word' id='word_1_187' title='bbox 461 2466 490 2503; x_wconf 83' lang='grc' dir='ltr'>ἐ.</span> <span class='ocrx_word' id='word_1_188' title='bbox 511 2466 599 2504; x_wconf 82' lang='lat' dir='ltr'>Ald.</span> <span class='ocrx_word' id='word_1_189' title='bbox 616 2466 715 2504; x_wconf 85' lang='lat' dir='ltr'>Flor.</span> <span class='ocrx_word' id='word_1_190' title='bbox 735 2471 779 2514; x_wconf 88' lang='grc'>1.,</span> <span class='ocrx_word' id='word_1_191' title='bbox 800 2466 938 2514; x_wconf 71' lang='grc' dir='ltr'>001ὶῐ1.,</span> 
     </span>
     <span class='ocr_line' id='line_1_32' title="bbox 246 2530 938 2582; baseline 0.006 -14"><span class='ocrx_word' id='word_1_192' title='bbox 246 2530 410 2582; x_wconf 66' lang='lat' dir='ltr'>Hagan„</span> <span class='ocrx_word' id='word_1_193' title='bbox 431 2531 544 2569; x_wconf 88' lang='lat' dir='ltr'>Brub.</span> <span class='ocrx_word' id='word_1_194' title='bbox 563 2536 596 2568; x_wconf 85' lang='lat'>1.</span> <span class='ocrx_word' id='word_1_195' title='bbox 618 2531 673 2569; x_wconf 75' lang='lat' dir='ltr'>Fl.</span> <span class='ocrx_word' id='word_1_196' title='bbox 689 2536 726 2570; x_wconf 78' lang='lat'>2.</span> <span class='ocrx_word' id='word_1_197' title='bbox 753 2533 865 2572; x_wconf 86' lang='lat' dir='ltr'>Brub.</span> <span class='ocrx_word' id='word_1_198' title='bbox 885 2538 938 2572; x_wconf 84' lang='lat'>4⁰.</span> 
     </span>
     <span class='ocr_line' id='line_1_33' title="bbox 243 2594 936 2640; baseline 0.006 -8"><span class='ocrx_word' id='word_1_199' title='bbox 243 2599 281 2632; x_wconf 90' lang='lat' dir='ltr'>et</span> <span class='ocrx_word' id='word_1_200' title='bbox 309 2599 384 2634; x_wconf 76' lang='lat'>12⁹.</span> <span class='ocrx_word' id='word_1_201' title='bbox 415 2595 531 2640; x_wconf 85' lang='lat'>1567.</span> <span class='ocrx_word' id='word_1_202' title='bbox 605 2594 705 2633; x_wconf 88' lang='lat' dir='ltr'>Hinc</span> <span class='ocrx_word' id='word_1_203' title='bbox 742 2597 936 2636; x_wconf 81' lang='lat' dir='ltr'>veritatem</span> 
     </span>
     <span class='ocr_line' id='line_1_34' title="bbox 245 2659 939 2712; baseline 0.007 -17"><span class='ocrx_word' id='word_1_204' title='bbox 245 2659 384 2710; x_wconf 78' lang='lat' dir='ltr'>exiguis</span> <span class='ocrx_word' id='word_1_205' title='bbox 417 2660 527 2698; x_wconf 85' lang='lat' dir='ltr'>radiis</span> <span class='ocrx_word' id='word_1_206' title='bbox 558 2660 822 2699; x_wconf 80' lang='lat' dir='ltr'>scintillantem</span> <span class='ocrx_word' id='word_1_207' title='bbox 854 2675 939 2712; x_wconf 88' lang='lat' dir='ltr'>pro-</span> 
     </span>
     <span class='ocr_line' id='line_1_35' title="bbox 245 2724 939 2772; baseline 0.006 -11"><span class='ocrx_word' id='word_1_208' title='bbox 245 2725 360 2764; x_wconf 69' lang='lat' dir='ltr'>traxit</span> <span class='ocrx_word' id='word_1_209' title='bbox 377 2724 425 2762; x_wconf 82' lang='lat' dir='ltr'>R.</span> <span class='ocrx_word' id='word_1_210' title='bbox 441 2726 498 2772; x_wconf 69' lang='lat' dir='ltr'>P„</span> <span class='ocrx_word' id='word_1_211' title='bbox 517 2727 633 2764; x_wconf 65' lang='grc' dir='ltr'><em>αὕη-δν</em></span> <span class='ocrx_word' id='word_1_212' title='bbox 649 2724 781 2763; x_wconf 71' lang='grc' dir='ltr'>ὥστ’ἐ.</span> <span class='ocrx_word' id='word_1_213' title='bbox 821 2732 846 2752; x_wconf 83' lang='grc'><strong><em>“</em></strong></span> <span class='ocrx_word' id='word_1_214' title='bbox 862 2728 939 2765; x_wconf 86' lang='lat' dir='ltr'>Vo-</span> 
     </span>
    </p>
   </div>
   <div class='ocr_carea' id='block_1_5' title="bbox 986 2014 1690 2779">
    <p class='ocr_par' dir='ltr' id='par_1_11' title="bbox 986 2014 1690 2779">
     <span class='ocr_line' id='line_1_36' title="bbox 986 2014 1685 2065; baseline 0.004 -13"><span class='ocrx_word' id='word_1_215' title='bbox 986 2014 1072 2052; x_wconf 85' lang='lat' dir='ltr'>cula</span> <span class='ocrx_word' id='word_1_216' title='bbox 1090 2015 1173 2052; x_wconf 85' lang='lat' dir='ltr'>haec</span> <span class='ocrx_word' id='word_1_217' title='bbox 1197 2015 1426 2065; x_wconf 81' lang='lat' dir='ltr'>praecedente</span> <span class='ocrx_word' id='word_1_218' title='bbox 1450 2015 1572 2054; x_wconf 87' lang='lat' dir='ltr'>futuro</span> <span class='ocrx_word' id='word_1_219' title='bbox 1597 2029 1685 2055; x_wconf 79' lang='lat' dir='ltr'>con-</span> 
     </span>
     <span class='ocr_line' id='line_1_37' title="bbox 987 2080 1682 2132; baseline 0 -12"><span class='ocrx_word' id='word_1_220' title='bbox 987 2080 1141 2120; x_wconf 89' lang='lat' dir='ltr'>struitur</span> <span class='ocrx_word' id='word_1_221' title='bbox 1169 2094 1257 2120; x_wconf 88' lang='lat' dir='ltr'>cum</span> <span class='ocrx_word' id='word_1_222' title='bbox 1281 2081 1464 2120; x_wconf 88' lang='lat' dir='ltr'>infinitivo</span> <span class='ocrx_word' id='word_1_223' title='bbox 1489 2083 1682 2132; x_wconf 84' lang='lat' dir='ltr'>praesentis</span> 
     </span>
     <span class='ocr_line' id='line_1_38' title="bbox 988 2146 1682 2195; baseline 0.001 -11"><span class='ocrx_word' id='word_1_224' title='bbox 988 2146 1050 2184; x_wconf 87' lang='lat' dir='ltr'>vel</span> <span class='ocrx_word' id='word_1_225' title='bbox 1064 2147 1205 2194; x_wconf 79' lang='lat' dir='ltr'>amisti,</span> <span class='ocrx_word' id='word_1_226' title='bbox 1223 2160 1297 2184; x_wconf 87' lang='lat' dir='ltr'>non</span> <span class='ocrx_word' id='word_1_227' title='bbox 1308 2147 1398 2184; x_wconf 90' lang='lat' dir='ltr'>item</span> <span class='ocrx_word' id='word_1_228' title='bbox 1409 2147 1520 2185; x_wconf 84' lang='lat' dir='ltr'>futuri</span> <span class='ocrx_word' id='word_1_229' title='bbox 1530 2148 1561 2192; x_wconf 86' lang='lat'>;’&#39;</span> <span class='ocrx_word' id='word_1_230' title='bbox 1589 2151 1682 2195; x_wconf 85' lang='lat'>385,</span> 
     </span>
     <span class='ocr_line' id='line_1_39' title="bbox 989 2209 1681 2266; baseline 0.001 -17"><span class='ocrx_word' id='word_1_231' title='bbox 989 2210 1027 2250; x_wconf 82' lang='lat'>6.</span> <span class='ocrx_word' id='word_1_232' title='bbox 1067 2211 1169 2257; x_wconf 62' lang='lat' dir='ltr'>&#39;‘HB»,</span> <span class='ocrx_word' id='word_1_233' title='bbox 1206 2211 1282 2265; x_wconf 62' lang='grc' dir='ltr'>γάρ</span> <span class='ocrx_word' id='word_1_234' title='bbox 1319 2209 1435 2266; x_wconf 74' lang='grc' dir='ltr'>ἔσχες</span> <span class='ocrx_word' id='word_1_235' title='bbox 1467 2210 1613 2260; x_wconf 36' lang='grc' dir='ltr'>ἐλπίδ’,μ</span> <span class='ocrx_word' id='word_1_236' title='bbox 1635 2215 1681 2250; x_wconf 63' lang='grc' dir='ltr'>ὥς·</span> 
     </span>
     <span class='ocr_line' id='line_1_40' title="bbox 989 2275 1681 2330; baseline 0.001 -15"><span class='ocrx_word' id='word_1_237' title='bbox 989 2275 1080 2325; x_wconf 71' lang='grc' dir='ltr'>ἐμοῦ</span> <span class='ocrx_word' id='word_1_238' title='bbox 1095 2275 1198 2316; x_wconf 68' lang='grc' dir='ltr'>θεοὺς</span> <span class='ocrx_word' id='word_1_239' title='bbox 1210 2275 1334 2330; x_wconf 78' lang='grc' dir='ltr'><em>’Ὠραν</em></span> <span class='ocrx_word' id='word_1_240' title='bbox 1353 2275 1421 2315; x_wconf 80' lang='grc' dir='ltr'>τιν’</span> <span class='ocrx_word' id='word_1_241' title='bbox 1437 2275 1544 2329; x_wconf 77' lang='grc' dir='ltr'>ἕξειν,</span> <span class='ocrx_word' id='word_1_242' title='bbox 1577 2276 1681 2322; x_wconf 71' lang='grc' dir='ltr'>ὥστε</span> 
     </span>
     <span class='ocr_line' id='line_1_41' title="bbox 990 2341 1683 2394; baseline 0.001 -14"><span class='ocrx_word' id='word_1_243' title='bbox 990 2341 1155 2387; x_wconf 77' lang='grc' dir='ltr'><strong><em>σωθῆναί</em></strong></span> <span class='ocrx_word' id='word_1_244' title='bbox 1184 2358 1308 2389; x_wconf 78' lang='grc' dir='ltr'>ποτε;</span> <span class='ocrx_word' id='word_1_245' title='bbox 1362 2341 1535 2394; x_wconf 81' lang='lat' dir='ltr'>AEschyl.</span> <span class='ocrx_word' id='word_1_246' title='bbox 1570 2341 1611 2380; x_wconf 90' lang='lat' dir='ltr'>P.</span> <span class='ocrx_word' id='word_1_247' title='bbox 1631 2341 1683 2382; x_wconf 84' lang='lat' dir='ltr'>V.</span> 
     </span>
     <span class='ocr_line' id='line_1_42' title="bbox 991 2405 1685 2454; baseline 0 -10"><span class='ocrx_word' id='word_1_248' title='bbox 991 2410 1081 2450; x_wconf 82' lang='grc'><strong>339.</strong></span> <span class='ocrx_word' id='word_1_249' title='bbox 1111 2405 1259 2446; x_wconf 72' lang='grc' dir='ltr'>Δώσειν</span> <span class='ocrx_word' id='word_1_250' title='bbox 1277 2406 1352 2454; x_wconf 82' lang='grc' dir='ltr'>Δί’,</span> <span class='ocrx_word' id='word_1_251' title='bbox 1387 2406 1491 2446; x_wconf 72' lang='grc' dir='ltr'>ὥστε</span> <span class='ocrx_word' id='word_1_252' title='bbox 1513 2405 1631 2446; x_wconf 70' lang='grc' dir='ltr'><em>τῶνδέ</em></span> <span class='ocrx_word' id='word_1_253' title='bbox 1648 2405 1685 2444; x_wconf 71' lang='grc' dir='ltr'>α’</span> 
     </span>
     <span class='ocr_line' id='line_1_43' title="bbox 989 2471 1684 2512; baseline 0.001 -2"><span class='ocrx_word' id='word_1_254' title='bbox 989 2471 1141 2510; x_wconf 73' lang='grc' dir='ltr'>ἐκλῦσαι</span> <span class='ocrx_word' id='word_1_255' title='bbox 1161 2471 1296 2511; x_wconf 82' lang='grc' dir='ltr'><strong><em>πόνων.</em></strong></span> <span class='ocrx_word' id='word_1_256' title='bbox 1352 2472 1448 2511; x_wconf 83' lang='lat' dir='ltr'>Haec</span> <span class='ocrx_word' id='word_1_257' title='bbox 1476 2474 1684 2512; x_wconf 76' lang='lat' dir='ltr'>emendatio</span> 
     </span>
     <span class='ocr_line' id='line_1_44' title="bbox 992 2528 1683 2589; baseline 0.003 -16"><span class='ocrx_word' id='word_1_258' title='bbox 992 2536 1080 2574; x_wconf 76' lang='lat' dir='ltr'>viris</span> <span class='ocrx_word' id='word_1_259' title='bbox 1115 2538 1387 2586; x_wconf 85' lang='lat' dir='ltr'>eruditissimis,</span> <span class='ocrx_word' id='word_1_260' title='bbox 1426 2528 1471 2575; x_wconf 78' lang='lat' dir='ltr'>T.</span> <span class='ocrx_word' id='word_1_261' title='bbox 1491 2537 1683 2589; x_wconf 81' lang='lat' dir='ltr'>Dampier,</span> 
     </span>
     <span class='ocr_line' id='line_1_45' title="bbox 994 2599 1685 2649; baseline 0.003 -12"><span class='ocrx_word' id='word_1_262' title='bbox 994 2601 1044 2638; x_wconf 84' lang='lat' dir='ltr'>G.</span> <span class='ocrx_word' id='word_1_263' title='bbox 1075 2600 1243 2649; x_wconf 78' lang='lat' dir='ltr'>Vincent,</span> <span class='ocrx_word' id='word_1_264' title='bbox 1297 2608 1334 2640; x_wconf 89' lang='lat' dir='ltr'>et</span> <span class='ocrx_word' id='word_1_265' title='bbox 1364 2600 1423 2639; x_wconf 89' lang='lat' dir='ltr'>M.</span> <span class='ocrx_word' id='word_1_266' title='bbox 1450 2599 1570 2639; x_wconf 78' lang='lat' dir='ltr'>Raine</span> <span class='ocrx_word' id='word_1_267' title='bbox 1605 2614 1685 2640; x_wconf 87' lang='lat' dir='ltr'>sese</span> 
     </span>
     <span class='ocr_line' id='line_1_46' title="bbox 991 2658 1690 2715; baseline 0.003 -14"><span class='ocrx_word' id='word_1_268' title='bbox 991 2664 1097 2702; x_wconf 84' lang='lat' dir='ltr'>facile</span> <span class='ocrx_word' id='word_1_269' title='bbox 1134 2665 1317 2715; x_wconf 83' lang='lat' dir='ltr'>probavit.</span> <span class='ocrx_word' id='word_1_270' title='bbox 1371 2663 1468 2702; x_wconf 88' lang='lat' dir='ltr'>Vide</span> <span class='ocrx_word' id='word_1_271' title='bbox 1504 2658 1601 2702; x_wconf 76' lang='lat' dir='ltr'>infra</span> <span class='ocrx_word' id='word_1_272' title='bbox 1635 2663 1690 2713; x_wconf 60' lang='lat' dir='ltr'>ad-</span> 
     </span>
     <span class='ocr_line' id='line_1_47' title="bbox 993 2727 1290 2779; baseline 0.007 -12"><span class='ocrx_word' id='word_1_273' title='bbox 993 2727 1042 2767; x_wconf 84' lang='lat' dir='ltr'>R.</span> <span class='ocrx_word' id='word_1_274' title='bbox 1060 2727 1115 2766; x_wconf 89' lang='lat' dir='ltr'>D.</span> <span class='ocrx_word' id='word_1_275' title='bbox 1142 2742 1177 2779; x_wconf 87' lang='lat' dir='ltr'>p.</span> <span class='ocrx_word' id='word_1_276' title='bbox 1198 2734 1290 2769; x_wconf 84' lang='grc'><strong>218.</strong></span> 
     </span>
    </p>
   </div>
  </div>
 </body>
</html>
