1864 3132
967 208 1068 259 218

297 315 407 365 liaci
445 315 735 380 inscriptum
773 315 983 365 habetur
1024 327 1061 364 o
1101 321 1282 365 ΑΡΥΤΟ
1320 326 1453 366 Λῐθο
1491 324 1592 367 ΕΜΙ
1633 320 1734 367 AN·

295 404 466 442 ΔΡΙΑΣ
504 403 603 441 ΚΑΙ
639 403 713 441 ΤΟ
750 403 984 442 ΣΦΕΛΑΣ.
1056 393 1134 442 De
1160 410 1219 442 eo
1242 410 1358 443 vero
1382 410 1494 442 mox
1517 395 1732 444 dicemus

364 509 373 518 .
407 469 541 533 132.].

295 469 437 605 [pAd
482 557 645 622 poculi
693 556 1054 623 inscriptionem
1101 565 1540 608 AIONYzO‘notat
1580 559 1767 615 Athe-,

290 650 427 683 naeus
450 636 712 684 desiderari
737 635 1028 685 elementum
1059 647 1107 685 Υ.
1180 638 1343 703 Atque
1378 639 1426 687 in
1463 638 1591 686 hanc
1627 638 1734 703 qui-

289 712 399 759 dem
445 713 734 761 sententiam
791 713 1085 761 concessisse
1138 713 1279 761 video
1329 714 1457 763 viros
1510 723 1731 778 quosque

159 797 253 847 126
289 790 319 820 *
338 790 567 838 eruditos.
638 789 748 839 Nos
781 806 911 849 vero,
948 792 1080 854 quod
1115 796 1163 837 et
1199 805 1367 838 eorum
1398 805 1521 854 pace
1544 790 1729 838 factum

286 867 363 926 sit,
412 868 508 916 alio
546 884 744 933 prorsus
791 868 993 917 consilio
1039 875 1137 916 tam
1184 867 1312 916 istud
1358 884 1504 933 quam
1550 874 1729 918 caetera

284 947 589 1011 antiquitatis
623 954 938 996 monumenta
973 945 1274 995 adduximus.
1356 946 1433 995 Ex
1467 946 1527 994 iis
1561 945 1730 1012 utique

283 1023 416 1073 aliud
448 1024 595 1090 longe
632 1024 958 1092 colligendum
987 1031 1246 1088 putamus:
1302 1025 1505 1073 Graecos
1528 1014 1728 1084 scilicet,

283 1108 527 1165 quotquot
571 1102 664 1150 ista
703 1099 946 1151 scribendi
990 1102 1180 1151 ratione
1228 1109 1498 1162 uterentur,
1547 1102 1727 1151 nullam

281 1177 508 1227 habuisse
541 1177 747 1245 figuram
781 1178 1111 1246 majusculam,
1150 1195 1248 1242 qua
1271 1180 1579 1243 aspirationis
1621 1178 1728 1229 Van

277 1264 568 1322 potestatem
609 1259 940 1325 designarent,
980 1259 1113 1323 apud
1149 1274 1269 1323 quos
1304 1264 1467 1305 tamen
1510 1257 1603 1305 ista
1641 1273 1726 1321 po-

277 1340 427 1382 testas
472 1334 524 1382 in
569 1335 939 1398 pronunciando
984 1335 1178 1383 interim
1226 1334 1484 1382 obtineret.
1573 1333 1725 1381 Verbi

277 1419 442 1461 autem
467 1422 725 1461 ΔΙΟΝΥΣΟ
748 1412 943 1475 plenam
964 1412 1060 1460 vim
1080 1412 1335 1459 statuimus
1363 1410 1726 1459 AIOerow.³⁹

278 1491 452 1556 Ecqua
498 1491 627 1540 e'nim
670 1490 794 1538 ratio
840 1489 1110 1555 excogitari
1152 1495 1329 1554 potest,
1375 1504 1463 1536 cur
1505 1487 1644 1536 litera
1690 1497 1725 1535 Υ

275 1569 604 1634 praetermissa
626 1568 788 1627 fuerit,
825 1584 935 1615 cum
969 1567 1079 1615 luce
1115 1567 1175 1615 sit
1212 1567 1387 1616 clarius
1423 1575 1530 1614 eam
1554 1566 1604 1613 in
1630 1581 1720 1614 usu

275 1652 425 1708 atque
448 1646 511 1693 ad
534 1660 728 1692 manum
755 1643 977 1692 coelatori
1002 1645 1180 1707 praesto
1202 1650 1305 1691 tum
1341 1643 1504 1700 fuisse,
1542 1641 1721 1707 quippe

276 1737 388 1785 quae
428 1722 479 1770 in
519 1722 626 1785 ipso
667 1730 924 1768 ΔΙΟΝΥΣΟ
963 1718 1244 1768 habeatur?
1315 1719 1534 1768 Eandem
1574 1719 1719 1768 etiam

274 1797 474 1860 praefert
518 1797 768 1860 inscriptio
815 1796 966 1861 Sigea
1006 1796 1054 1842 in
1095 1789 1295 1844 vocibus
1336 1802 1720 1854 HPYTANEION,

275 1874 619 1921 EII'EYEYEIfffl
688 1872 931 1932 Quorsum
974 1872 1125 1936 igitur
1163 1872 1229 1919 ibi
1271 1872 1507 1938 leguntur
1540 1881 1720 1920 ΦΑΝΟ·

274 1960 417 1998 ΔΙΚΟ
475 1959 550 1997 ΤΟ
609 1958 1039 1996 ΗΕΡΜΟΚΡΑΤΟΣ
1095 1957 1170 1996 ΤΟ
1229 1958 1619 2006 ΠΡΟΚΟΝΕΣΙΟ,
1678 1949 1718 1997 Si

274 2029 422 2094 plena
477 2027 675 2076 istorum
729 2027 989 2075 verborum
1044 2033 1276 2090 potestas,
1343 2042 1442 2090 quo
1499 2033 1717 2091 tempore

274 2105 681 2161 describerentur,
717 2109 843 2150 esset
875 2112 1215 2150 ΦΛΝΟΔΙΚΟΥ
1241 2112 1352 2150 ΤΟΥ
1377 2111 1715 2150 ΗΕΡΜΟΚΡΑ-

273 2191 421 2229 ΤΟΥΣ
465 2186 556 2230 &a
626 2180 705 2227 De
752 2179 940 2227 caeteris
987 2179 1311 2227 monumentis
1358 2179 1485 2227 idem
1533 2179 1713 2229 dictum

273 2259 434 2324 putari
463 2258 698 2306 volumus.

364 2343 550 2391 Contra
583 2358 690 2389 eam
730 2358 862 2400 vero,
911 2358 1056 2405 quam
1099 2342 1407 2401 instituimus,
1454 2359 1713 2410 argumen-

273 2421 408 2471 tandi
446 2421 681 2468 rationem
719 2419 881 2468 afferri
918 2419 1097 2483 poterit
1128 2420 1455 2484 inscriptionis
1495 2421 1711 2469 Deliacae

271 2496 547 2554 auctoritaS,
594 2497 678 2544 ubi
723 2503 922 2545 exarata
966 2497 1209 2544 habentur
1255 2507 1292 2545 O
1333 2503 1514 2545 ΑΡΥΤΟ
1556 2509 1706 2548 ΛΙΘΟ.

271 2573 448 2640 Ecqua
492 2572 728 2622 nimirum
773 2589 928 2622 causa
974 2572 1253 2636 excogitari
1298 2580 1460 2636 potest
1500 2590 1592 2623 cur
1635 2582 1712 2624 ter

323 2733 389 2775 39.
425 2730 461 2767 V
465 2730 512 2767 id.
551 2729 599 2767 R.
620 2728 673 2767 D.
710 2730 747 2766 in
787 2731 960 2780 Append.
1069 2737 1135 2771 40.
1167 2733 1267 2771 “vel
1280 2733 1375 2783 quod
1396 2733 1530 2771 rectius
1550 2734 1709 2774 ΣΙΓΕΙ-

268 2809 305 2846 p.
327 2800 376 2841 19
388 2795 418 2832 ³⁸⁵.
1018 2796 1174 2834 ΕΥΣΙ.”
1203 2795 1251 2835 R.
1267 2796 1322 2834 D.
1340 2810 1496 2846 superne
1514 2811 1550 2848 p.
1570 2803 1660 2837 208.
