1864 3132
865 196 966 269 4r³²7

195 325 224 356 ἱ
238 325 376 375 Nub.
431 336 473 378 7.
523 330 599 374 Οτ
624 322 762 387 ουδεῆ·
791 333 933 376 κολαο·
961 328 1111 390 εξεστι
1137 351 1209 384 μοι
1237 348 1338 377 τους
1367 342 1548 378 οικετας·

396 414 471 451 42.
525 406 642 452 Ητις
665 426 722 460 με
751 425 849 467 ’γημ
876 427 1014 475 επῃρε
1041 429 1125 463 την
1149 428 1231 463 σην
1257 428 1441 471 μητερα.

195 491 353 544 minus
372 537 375 540 ,
396 497 530 539 recte
572 498 1001 554 repraesentantur.
1072 493 1282 557 Oportet
1328 510 1441 543 vero
1489 481 1637 543 κόλοις

192 567 383 629 σαξεστι
406 574 457 615 et
477 589 731 637 γημαπῃρε,
755 585 855 616 non
875 584 1014 617 secus
1030 575 1177 634 atque
1197 569 1254 638 in·
1268 591 1409 632 καγω,
1434 593 1625 620 καπειτα

191 650 242 693 et
275 645 507 694 similibus
545 644 649 694 fieri
686 645 919 694 videmus.

491 723 588 772 Per
610 740 686 772 me
709 730 872 772 tamen
894 724 1063 772 licebit
1085 740 1301 783 exarare,
1334 740 1430 788 quo
1455 725 1624 773 melius

191 729 419 786 potestas.

990 646 1114 694 Haec
1149 647 1346 712 inquam
1392 655 1464 695 est
1503 664 1625 696 vera

191 799 449 847 verborum
494 800 720 866 analogia
753 799 1094 864 conspiciatur,
1132 808 1320 849 κολασαι
1355 801 1541 863 ξεστι165
1576 808 1626 848 et

190 896 333 938 quma.
355 877 545 946 πῃρε.166
578 877 752 926 Restat
774 877 970 925 tertium
994 893 1168 943 genus,
1192 878 1241 925 in
1262 893 1359 941 quo
1377 878 1624 926 hodiernae

190 996 242 1033 tio
274 996 322 1034 sit
353 1011 485 1047 prava,
522 998 644 1036 forma
670 1003 797 1036 tamen
825 1003 882 1035 est

189 1061 328 1110 proba:
356 1076 393 1111 p.
411 1066 504 1100 443.
534 1063 766 1101 ΚΑΘΗΣΘ
785 1063 878 1114 AN.

187 1130 226 1164 et
260 1139 295 1175 p.
323 1125 414 1165 466.
466 1127 788 1175 ΕΚΚΑΛΕΙΣΘ
822 1142 877 1173 ην·

187 1190 318 1240 quibus
346 1191 462 1229 addas
491 1192 582 1230 Eur.
610 1192 695 1242 Iph.
722 1193 770 1230 T.
785 1190 879 1237 679.

187 1247 355 1308 Προδοῦς
388 1273 446 1303 σε,
487 1256 648 1310 onisco-ff
680 1256 795 1295 αὐτοὶ·
832 1261 880 1296 εἷς·

187 1318 306 1356 οἴκους
338 1318 459 1365 μόνος·
508 1320 641 1369 (Soph.
684 1321 750 1357 Tr.
785 1318 879 1358 216.

185 1381 342 1433 αἐιρομ’,
382 1382 455 1420 οὐδ’
489 1383 701 1431 ἀπώσομαι.
742 1385 807 1421 sed
841 1384 880 1421 in

188 1446 344 1485 melicis.
396 1447 491 1485 Vide
511 1449 612 1485 Add.
640 1449 689 1486 ad
717 1462 754 1498 p.
773 1452 881 1498 390.)

191 1513 307 1562 Vesp.
345 1518 462 1557 1417.

185 1578 261 1630 «γᾶρ
311 1578 354 1615 ου’
407 1577 519 1626 δέομ’,
574 1579 660 1617 οὐδὲ
707 1580 881 1632 πραγμά-

187 1656 275 1676 των.
323 1640 414 1691 Lys.
442 1640 536 1686 926.
581 1640 689 1679 Ἀλλ’
707 1644 750 1680 οὖ
778 1641 877 1689 δέομ’

186 1704 290 1743 οὐδὲν
319 1705 439 1754 ἔγωγε
468 1708 549 1745 edd.
585 1713 622 1745 et
656 1708 737 1746 cod.
775 1708 874 1747 Rav.

187 1773 212 1792 “
234 1768 305 1819 leg.
333 1769 440 1823 Ἀλλ’
475 1771 559 1809 οὐδὲ
591 1771 718 1819 δέομαι
745 1772 874 1820 ”·γω·γε,

184 1837 226 1871 ut
235 1833 332 1870 infra
341 1835 489 1885 (933).’'
499 1835 549 1873 R.
564 1835 769 1875 B.—Nub.
782 1841 874 1876 523.

185 1897 366 1949 Πρώτονς
384 1899 512 1951 ἤξῖωσ’
529 1899 703 1948 ἅναγεῦσ’
719 1902 821 1949 ὑμᾶς,
850 1900 881 1947 ἤ

185 1962 362 2016 παρέσχε
384 1981 461 2011 μοι,
482 1964 565 2002 vide
584 1978 696 2014 supra
723 1979 760 2015 p.
780 1965 872 2011 396.

185 2027 256 2066 Or.
278 2032 394 2067 1338.
422 2029 580 2076 Em'flnfl',
599 2029 691 2068 ὅσον
705 2047 747 2079 ’γε
763 2031 873 2069 τούπ’

182 2091 250 2139 ἔμ’.
270 2091 452 2143 αἶ-ᾳιιοιί
463 2095 512 2131 ad
526 2107 580 2131 me
598 2095 747 2133 attinet.
766 2096 876 2134 r'ov'vr’

182 2154 267 2203 ἐμοὶ
286 2157 376 2194 Ald.
395 2164 433 2195 et
448 2158 611 2209 plerique
630 2161 751 2198 MSS.

239 2218 264 2259 †
278 2216 339 2254 ὅτι
357 2218 440 2255 οὐδὲ
459 2219 558 2256 Rav.
577 2221 660 2258 vide
678 2234 714 2270 p.
732 2225 825 2260 425.

244 2276 333 2316 165.
362 2279 492 2316 κολάσ’
518 2280 648 2333 ἔξεστι
678 2283 726 2319 C.
751 2284 803 2321 D.
826 2285 872 2321 E.

187 2342 246 2380 ὅτ’
264 2342 336 2380 οὐδ’
354 2342 486 2395 ἔξεστί
512 2361 573 2390 μοι
603 2347 762 2385 κολάσαι
787 2350 874 2386 τούς

535 1515 590 1552 Σι)
627 1515 730 1562 λέγε.
775 1514 881 1553 δικῶν

186 2407 333 2448 οἰκέτας·
354 2407 395 2444 F.
424 2407 556 2446 κολάσ’
574 2407 703 2461 ἔξεστι
726 2410 777 2447 Η.
790 2412 821 2448 Ι.
839 2418 876 2450 et

183 2470 279 2508 inter
312 2470 339 2508 l.
387 2472 689 2525 τιμωρήσασθαι·
745 2468 876 2513 ιεολάσ’

183 2534 314 2587 ἔξεστι
332 2535 380 2573 Τ.
407 2535 426 2573 ἐ
445 2542 528 2587 post
545 2549 739 2578 rasuram:
770 2544 792 2562 ‘⁴
813 2555 876 2576 κο-

185 2597 300 2637 λάσαι
332 2602 454 2653 'geo-‘ri
488 2601 620 2639 Liban.
657 2603 743 2652 Ep.»
762 2605 900 2650 1443’,

189 2662 240 2701 R.
260 2663 307 2702 P.
324 2667 422 2715 apud
442 2667 488 2704 P.
508 2668 553 2704 P.
575 2667 629 2704 D.

246 2725 339 2768 166..
364 2728 445 2775 ἥτις
475 2733 511 2777 μ’
545 2730 662 2782 ἐπῆρε
700 2732 771 2777 τήν
808 2733 877 2778 σήν

185 2791 334 2846 μητέρα
357 2793 403 2833 C.
431 2807 517 2833 cum
545 2796 695 2846 interpr.
725 2802 875 2844 γυναῖκα

933 997 1069 1046 λαβεῖν
1085 998 1120 1044 ἥ.
1148 999 1186 1046 μ’
1202 999 1233 1036 ε’.
1262 999 1376 1047 ’γῆμαι
1398 1016 1436 1036 τ.
1456 1015 1494 1036 σ.
1513 1015 1551 1045 μ.
1572 997 1625 1034 D.

933 1061 1021 1110 ’γῆμ’
1042 1061 1158 1115 ἐπῆρε
1189 1063 1236 1108 Ε,
1257 1063 1300 1110 F,
1319 1063 1367 1109 T,
1389 1062 1440 1107 H,
1461 1062 1491 1098 I.
1518 1068 1555 1099 et
1572 1062 1626 1098 in·

1626 356 1628 358 -
1667 330 1766 385 270

933 1132 990 1163 ter
1009 1126 1036 1164 l.
1070 1127 1136 1174 ἐμὲ
1162 1131 1314 1175 ’γυναῖκα
1333 1126 1467 1174 λαβεῖν
1484 1126 1625 1166 ἔπεισε.
1700 1141 1704 1143 ’

924 1191 1029 1229 -Haec
1083 1190 1245 1242 profecto
1299 1191 1481 1229 scribendi
1531 1192 1626 1229 ratio

933 1255 1054 1305 magis
1081 1255 1276 1304 perspicua.
1298 1261 1378 1300 est;
1409 1256 1500 1292 Eur.
1520 1255 1625 1294 Med.

934 1326 1027 1364 722.
1074 1322 1299 1374 πειράσομαι
1330 1320 1406 1368 ’γαί
1454 1321 1538 1369 Iph.
1574 1319 1625 1358 A.

933 1382 1026 1427 726.
1082 1386 1241 1431 εἴθισμαι
1273 1386 1303 1421 ’κ
1340 1384 1460 1424 σέθεν.
1508 1383 1624 1429 1396.

933 1446 1137 1496 γενήσομαι
1154 1447 1230 1495 ’qu-5.
1253 1447 1368 1486 1436.
1385 1450 1541 1487 παῦσαι·
1570 1448 1627 1497 ’μὲ

932 1512 985 1559 μή
1004 1509 1140 1563 κάκιζε.
1169 1510 1303 1548 Helen.
1324 1509 1418 1555 961.
1447 1513 1627 1565 Ἀιρήσο-
1673 1507 1675 1509 ’

933 1592 997 1623 μαι
1014 1575 1090 1623 '7‘⁰'·
1135 1576 1330 1625 Aristoph.
1350 1577 1421 1627 Eq.
1440 1581 1533 1621 748.
1574 1577 1625 1616 fo.

932 1637 1029 1675 Αλλ’
1066 1641 1112 1676 m‘s·
1145 1638 1197 1675 τὸ
1233 1638 1379 1691 πρόσθε
1416 1638 1466 1678 R.
1495 1640 1544 1678 B.
1589 1647 1626 1679 et

931 1705 1102 1752 παρεῖναι
1119 1699 1145 1739 ’ς
1166 1699 1234 1738 ΒΓ.
1263 1701 1379 1750 Vesp.
1397 1706 1487 1740 821.
1511 1704 1625 1750 κάθη-

929 1783 994 1814 μαι
1013 1766 1089 1814 ’γωῖ
1118 1765 1168 1803 R.
1188 1765 1234 1803 P.
1282 1770 1375 1810 935.
1419 1766 1518 1815 οἶμαι
1546 1769 1624 1818 '7⁴⁶'-

931 1832 1033 1870 Nub.
1054 1835 1170 1870 1032.
1215 1829 1332 1869 πάλαι
1349 1832 1414 1879 ’γαί
1431 1832 1624 1881 ’πνιγόμην

930 1895 981 1933 R.
1006 1894 1054 1932 Β.
1105 1899 1220 1932 1344.
1266 1894 1480 1934 τύπτεσθαι
1510 1898 1622 1936 ’στῖν.

929 1959 982 2007 Β.Ι
999 1959 1047 1997 Ρ.
1091 1959 1180 1996 Pac.
1205 1963 1297 1997 323.
1339 1959 1527 2009 βούλομαι
1553 1964 1623 2000 ’λλ’

931 2023 1072 2072 Raper.
1093 2027 1184 2067 703.
1202 2024 1426 2072 ’γεγενῆσθαι
1439 2026 1468 2062 ’ν
1482 2024 1623 2074 Raper.

931 2092 1022 2131 748.
1068 2094 1237 2141 παρεῖναι
1272 2090 1298 2139 ’ς
1333 2089 1496 2128 Brunck.
1543 2083 1621 2128 Ab.

930 2157 1022 2189 444.
1065 2152 1268 2199 διατίθεμαι
1297 2152 1375 2201 ’νγωῖ
1423 2153 1474 2191 R.
1504 2154 1552 2192 P.
1587 2149 1637 2191 et*

931 2215 1132 2253 Hermann.
1160 2217 1204 2254 de
1230 2223 1338 2255 metr.
1368 2217 1424 2268 [p.
1445 2223 1535 2256 153.
1563 2219 1621 2256 ed.

928 2282 1010 2331 pr.].
1029 2284 1121 2323 977.
1150 2278 1282 2318 διδόναι
1303 2280 1423 2319 ’‘vec-'ri
1445 2280 1494 2318 R.
1510 2282 1557 2319 P.
1586 2287 1623 2319 et

928 2344 1019 2381 forte
1055 2344 1148 2381 Cod.
1186 2344 1284 2381 Rav.
1320 2345 1478 2383 Thesm.
1513 2348 1623 2394 (299.

927 2408 1130 2460 καθίζωμαι
1157 2408 1186 2444 ’ν
1219 2408 1380 2446 Bruncls.
1416 2411 1553 2462 καθίζω
1585 2412 1621 2457 μ’

928 2486 982 2509 me
996 2473 1175 2510 collocem.
1202 2472 1356 2524 Raper.)
1374 2473 1467 2512 601.
1496 2476 1620 2521 οἴομαι

920 2538 1026 2586 '7107'
1046 2537 1113 2575 Br.
1133 2545 1168 2575 et
1186 2538 1278 2577 forte
1295 2538 1388 2577 Cod.
1408 2540 1506 2577 Rav.
1526 2539 1618 2589 Lys.

930 2605 1021 2646 759.
1040 2601 1190 2649 δύναμαι
1209 2602 1307 2651 ’γωΎ’
1322 2603 1405 2641 οὐδὲ
1421 2603 1619 2649 κοιμασθαι

928 2667 958 2703 ’ν
976 2665 1082 2704 πόλει
1111 2666 1180 2704 Br.
1207 2667 1247 2706 in
1275 2668 1359 2705 add.
1388 2668 1435 2704 ad
1464 2668 1619 2704 Thesm.

932 2735 1009 2775 292
1029 2734 1150 2782 (299)·
1179 2739 1215 2770 et
1248 2732 1376 2769 Valclc.
1418 2731 1567 2778 δύναμαι
1587 2741 1622 2778 γ’

931 2793 1038 2842 ἔγωγ’
1068 2794 1156 2833 MS.
1175 2795 1279 2832 Trin.
1308 2794 1403 2832 Coll.
1425 2795 1536 2832 Cant.
1565 2794 1621 2832 δυ’-
