1864 3132
146 1519 242 1569 186

354 269 458 314 ΟΔ.
484 271 538 314 Λ.
565 272 665 314 605.
702 282 823 316 νυκτι
862 268 1029 333 educam]
1083 269 1157 319 Cl.
1200 269 1451 320 Bentleius
1488 271 1540 320 in
1579 271 1710 321 noti&

271 343 336 392 ad
360 342 623 393 Miltonum
648 347 815 396 scribit
838 370 961 398 νυκτι
986 350 1232 402 femma-2³⁰
1301 350 1429 399 Mihi
1462 365 1579 400 vero
1611 367 1708 401 vox

276 426 446 472 Ρεοικως
484 422 635 471 nihilo
672 425 938 475 honestiori
968 427 1094 475 facie
1127 427 1319 476 videtur
1352 444 1495 493 quam
1523 425 1709 489 δεούεως,

272 505 472 555 λεοιπως,
498 502 691 551 πεοιθως.
751 501 914 550 Sensit
935 502 1160 552 nimirum
1183 503 1468 552 criticorum
1489 501 1711 552 omnium

273 572 423 636 longe
446 573 688 640 longeque
712 576 960 641 princep8‚
1000 578 1245 628 bonarum
1276 579 1496 628 omnium
1523 578 1712 628 artium

273 657 433 699 stator
467 658 514 699 et
547 651 743 713 vindex,
782 656 844 704 ad
878 671 1044 705 versus
1080 657 1412 723 integritatem
1447 656 1710 705 desiderari

274 735 625 778 consonantem
666 731 772 780 Vau
813 734 961 782 semel
1000 734 1437 798 pronunciandam,
1493 735 1555 782 ad
1595 750 1712 784 ana-

273 804 455 870 logiam
494 822 618 860 vero,
649 809 853 857 eandem
891 811 1045 874 repeti
1087 817 1317 875 oportere
1362 810 1512 859 nihilo
1559 811 1712 876 magis

275 882 596 931 subodoratus
637 892 710 933 est
754 902 898 950 quam
940 888 1145 952 quilibet
1187 905 1215 936 e
1254 889 1398 938 trivio
1435 888 1715 954 grammati-

275 971 375 1006 cus.
444 959 527 1007 Tu
553 960 782 1025 deinceps
813 963 987 1022 scribe,
1012 964 1188 1023 ’ἑόικως,
1226 965 1275 1012 h.
1301 980 1342 1012 e.
1378 986 1618 1023 wcwomwe,
1652 965 1716 1012 ad

275 1052 494 1084 normam
519 1060 610 1086 των
631 1035 836 1098 δεδοικως,
865 1048 1099 1099 λελοιπως,
1130 1045 1365 1093 πεποιθως.

342 1123 426 1174 03.
450 1130 504 1176 Ξ.
531 1129 749 1181 289.--ὁς
777 1126 827 1186 δη
857 1138 1011 1178 πολλα
1039 1153 1118 1179 κακ
1146 1135 1438 1196 ανθρωποισιν
1459 1155 1616 1198 εωρΎει
1631 1126 1719 1195 131]’

278 1204 454 1264 Unica‚
491 1221 635 1268 quam
672 1206 835 1264 sciam,
873 1207 1020 1254 editio
1045 1207 1191 1256 Basil.
1226 1219 1349 1258 1558.
1398 1215 1718 1273 repraesentat

274 1288 526 1350 ανθρωπονς
569 1308 768 1351 semp-yet.
852 1286 1101 1335 Nimirum
1147 1289 1312 1351 caeteri
1359 1289 1567 1337 editores
1605 1303 1720 1352 por-

277 1368 516 1410 tentosam
562 1362 700 1411 istius
745 1385 930 1430 εεωργει
974 1364 1147 1414 faciem
1195 1366 1584 1423 reformidarunt,
1649 1366 1718 1414 al-

278 1444 437 1486 terum
475 1455 592 1487 vero
626 1462 786 1505 εωργει
822 1441 943 1489 nihil
973 1442 1126 1490 odiosi
1156 1442 1206 1490 in
1245 1459 1298 1491 se
1332 1443 1502 1491 habuit
1521 1462 1534 1500 3
1589 1441 1719 1507 quod

280 1518 309 1546 ³¹*
328 1522 492 1564 tamen
538 1533 710 1565 revera
753 1518 914 1582 ipsum
961 1525 1036 1567 est
1077 1527 1357 1585 portentum
1402 1527 1549 1586 atque
1589 1519 1720 1568 aliud
1774 1560 1776 1563 f

278 1591 483 1656 insuper
516 1609 615 1641 non
646 1593 804 1642 minus
833 1595 1128 1643 horrendum
1153 1612 1315 1645 secum
1340 1596 1502 1644 trahit.
1575 1595 1720 1656 Quod

279 1669 450 1734 utique
497 1671 704 1719 editores
752 1688 970 1737 quosque
1021 1672 1165 1738 fugit,
1227 1674 1397 1721 vitiosa
1447 1679 1522 1721 est
1575 1673 1751 1739 hujus=

277 1747 500 1796 lectionis
546 1750 775 1814 syntaxis.
847 1749 980 1798 Nam
1027 1751 1227 1799 verbum
1275 1772 1512 1816 wewopvya,
1557 1751 1631 1800 uti
1669 1757 1721 1798 et

281 1823 393 1888 ῥεζω
426 1825 594 1871 eadem
628 1825 843 1885 notione,
885 1828 1017 1890 apud
1044 1827 1310 1876 Homerum
1344 1844 1407 1875 ne
1435 1828 1584 1876 semel
1613 1827 1720 1891 qui-

283 1976 409 2015 Rhod.
428 1989 479 2024 11,
501 1980 619 2015 1153.
649 1977 717 2015 sibi
740 1978 863 2015 lucem
891 1991 976 2015 mu-
1029 1984 1076 2026 et,
1106 1980 1138 2017 b.
1157 1992 1191 2017 o.
1209 1993 1244 2017 α.
1261 1984 1308 2017 st.
1334 1984 1370 2016 et
1394 1991 1428 2016 v.
1458 1983 1483 2002 “
1499 1983 1541 2016 ut
1565 1982 1743 2016 vocatur-

280 2047 344 2080 tuo
382 2042 584 2088 effundunt,
656 2042 754 2091 apud
796 2042 973 2080 Abresch.
1028 2058 1052 2082 a
1070 2044 1236 2094 Tayloro
1261 2043 1368 2084 Lect.
1389 2044 1477 2094 [με.
1499 2056 1538 2094 p.
1557 2047 1649 2088 703.
1667 2043 1721 2081 b.'’

281 2108 329 2145 ad
357 2107 549 2158 Hesych.;
595 2106 720 2144 Schol.
746 2107 834 2144 MS.
863 2106 973 2145 Harl.
1029 2106 1079 2145 R.
1100 2107 1146 2144 P.
1202 2107 1306 2145 Cave
1331 2107 1370 2145 in
1397 2109 1470 2146 ista
1487 2114 1568 2146 tam
1586 2107 1722 2159 frigida

280 2169 501 2224 παρώνυμον
528 2171 653 2217 habet,
689 2172 751 2209 sed
780 2172 972 2225 Ὀφιοῦσα
1027 2178 1179 2223 tamque
1218 2174 1348 2223 jejuna
1382 2174 1571 2212 adversus·
1598 2173 1647 2212 R.
1672 2172 1721 2211 Β.

279 2236 423 2274 retinet.
1029 2237 1218 2275 calumnia
1245 2238 1452 2278 delitescas.

338 2306 428 2340 130.
459 2314 519 2340 vx.
546 2307 659 2348 832.;
705 2317 795 2341 nam
830 2304 878 2341 ad
912 2315 974 2341 1V.
1086 2308 1175 2342 131.
1203 2304 1327 2343 “MS.
1345 2304 1453 2343 Harl.
1472 2305 1721 2358 ἀνθρώποισιν

283 2369 374 2409 887.
435 2365 576 2416 Odyss.
613 2367 656 2413 Z,
695 2371 785 2410 187.
831 2368 913 2405 Νῦν
946 2367 975 2405 δ’
1029 2369 1155 2422 ἐώργει
1174 2370 1251 2408 sine
1265 2369 1344 2408 ulla
1361 2371 1576 2409 varietate.''
1603 2370 1652 2408 R.
1671 2371 1719 2409 P.

281 2430 396 2485 [Oie‘v'
431 2430 469 2468 ἅ.
517 2432 615 2482 edd]
667 2431 827 2488 ἅφρονοι
876 2432 975 2484 φωτὶ
1030 2433 1140 2472 Alter
1174 2434 1262 2472 MS.
1301 2434 1411 2473 Harl.
1458 2434 1555 2472 κακᾶ
1592 2435 1722 2473 πολλὰ

283 2494 432 2538 Ρέοικας
470 2501 506 2533 et
538 2495 578 2543 Γ,
598 2500 687 2541 219.
726 2496 840 2552 ἀΐδρει
878 2496 977 2549 φωτὶ
1030 2499 1170 2537 α’νοῖσιν
1205 2497 1345 2552 ἐώργει·
1391 2498 1464 2536 duo
1495 2497 1558 2535 alii
1591 2496 1723 2536 πολλᾶ

285 2558 438 2601 Ρεοικαῗς
493 2559 615 2608 posuit
667 2560 716 2597 R.
747 2560 795 2598 B.
866 2561 977 2608 Infra,
1032 2564 1110 2601 xax'
1154 2563 1382 2617 ἀνθρώπους,
1427 2575 1582 2614 quorum
1625 2576 1720 2603 unus

286 2624 508 2662 Criticorum
543 2624 648 2676 longe
691 2626 865 2676 longeque
906 2640 978 2664 om·
1030 2629 1160 2683 ἔωργε,
1180 2629 1274 2667 alter
1291 2627 1419 2683 ἐόργεε
1436 2628 1472 2665 in
1490 2632 1607 2676 textu,
1627 2629 1718 2667 etin

285 2689 384 2726 nium
420 2688 612 2738 Princeps,
648 2694 670 2712 “
691 2694 733 2726 ut
767 2696 922 2728 vocatur
952 2705 975 2728 α
1029 2707 1148 2745 marg.
1170 2696 1381 2749 εἴργασται.
1419 2694 1464 2731 In
1496 2694 1555 2732 Cl.
1581 2695 1666 2735 h.s.
1684 2708 1718 2734 c.

288 2753 495 2792 S.··Clarkio
509 2754 559 2792 ad
572 2754 727 2793 Homer.
746 2754 791 2793 Il.
804 2756 849 2803 E,
864 2754 975 2801 769.”
1032 2763 1049 2796 1
1060 2764 1094 2797 1.
1113 2757 1190 2812 ἔργ’
1204 2758 1339 2812 ε’ῤῥίγει
1356 2759 1424 2810 [m.
1436 2757 1577 2813 ἕῤῥιγε]
1595 2759 1655 2799 Μ.
1667 2758 1721 2798 R.
