1864 3132
959 243 1028 293 80

271 347 478 407 eliditur,
502 348 575 397 bis
599 344 802 412 insuper
823 354 999 413 peccat
1019 349 1249 398 adversus
1273 347 1550 398 ultimarum
1575 349 1717 416 sylla-

270 426 443 474 barum
467 426 720 474 rationem.

338 554 396 603 V.
421 567 494 609 49.
551 578 605 604 αν
626 553 651 603 δ
671 578 717 604 εν
733 541 942 622 ’μυχοιᾷ-ι]
1022 555 1210 605 Harum
1257 555 1551 622 syllabarum
1596 563 1718 606 tem·

269 648 392 698 pora
417 657 664 682 --υ-υ
686 634 870 698 epitriti
905 634 1068 698 quarti
1089 661 1282 683 ---υ
1306 633 1415 682 loco
1438 640 1720 693 occurrunt,

271 710 357 775 qui
391 716 556 758 tamen
591 725 690 759 uno
724 717 946 776 tempore
979 710 1137 758 minor
1160 715 1247 758 est.
1308 710 1569 777 Legissent
1603 728 1722 760 sane

269 787 405 836 editt.
433 786 628 835 Oxonn.
665 803 758 852 pro
793 804 882 836 sua
916 784 1186 844 ισοδυναμιας
1219 786 1428 846 ratione,
1463 790 1607 837 modo
1630 788 1721 836 sibi

271 870 498 914 constare
521 863 802 924 voluissent,
835 875 887 914 ᾶν
907 862 932 912 δ
953 874 999 914 ἐν
1020 870 1189 930 μῦχοῖς,
1227 869 1282 911 ut
1305 865 1526 929 epitritus
1550 865 1721 914 tertius

273 941 451 1005 quarti,
487 941 581 989 hoc
604 947 693 1000 est,
727 942 996 991 ut‘iambus
1029 939 1233 990 trochaei
1257 948 1422 1005 partes
1445 943 1720 992 sustineret-

274 1019 458 1068 Verum
503 1019 704 1067 eruditis
747 1019 862 1068 viris
908 1020 988 1068 hic
1032 1035 1123 1068 usu
1162 1019 1310 1078 venit,
1358 1028 1412 1069 ut
1451 1019 1727 1078 ισοδυναμιαν

174 1102 237 1155 47
277 1118 440 1167 neque
478 1103 683 1152 aliorum
724 1121 816 1152 nec
857 1120 992 1152 suam
1034 1084 1352 1155 obserzarint.
1440 1095 1550 1154 Nos
1584 1113 1638 1152 ἄν
1677 1099 1727 1151 δὲ’

273 1186 453 1245 μῦχοῖσῖ
487 1180 745 1229 scribendo
775 1182 1036 1229 secundam
1061 1183 1244 1246 epitriti
1269 1181 1430 1246 quarti
1451 1181 1650 1245 longam
1672 1178 1725 1226 in

276 1258 395 1305 duas
440 1258 614 1306 breves
658 1258 951 1306 resolvimus
1036 1258 1282 1311 Caeterum
1335 1276 1398 1307 ne
1445 1259 1552 1322 quis
1598 1258 1726 1306 forte

275 1334 519 1382 existimet
555 1334 713 1382 minus
747 1335 964 1401 legitime
995 1334 1166 1384 abesse
1187 1336 1409 1384 voculam
1433 1358 1492 1391 εν,
1527 1349 1726 1383 monere

276 1397 397 1457 libet
420 1424 589 1456 vocem
612 1432 738 1474 μυχω
761 1426 824 1457 ne
843 1410 992 1458 semel
1006 1411 1202 1474 quidem
1221 1413 1354 1476 apud
1365 1412 1443 1460 vel
1455 1411 1726 1459 Homerum

276 1486 355 1535 vel
379 1485 646 1534 Hesiodum
674 1502 783 1534 cum
807 1487 901 1535 ista
922 1486 1093 1535 vocula
1115 1488 1366 1554 conjungi.
1440 1488 1586 1552 Apud
1610 1486 1726 1536 Pin-

278 1564 449 1612 darum
472 1587 600 1630 μυχῳ
623 1571 673 1613 et
694 1586 851 1630 μυχοις
875 1571 1086 1629 utroque
1109 1567 1254 1615 modo
1278 1571 1640 1615 construuntur.

280 1677 428 1727 Nem.
457 1693 528 1726 vl.
554 1689 626 1727 44.
732 1682 902 1736 Ταμιαν
924 1684 1165 1744 στεφανων
1190 1690 1375 1730 ΜΥΧΩΙ
1402 1675 1655 1728 Ελλαδοςᾶι

282 1753 426 1822 Pyth.
449 1773 563 1805 VIII.
595 1769 690 1806 113.
732 1769 917 1808 ΜΥΧΩΙ
941 1780 974 1805 τ
998 1768 1072 1806 ΕΝ
1097 1763 1389 1824 Μαραθωνος·

282 1834 477 1899 Olymp.
505 1850 555 1882 X.
580 1846 652 1882 40.
734 1844 956 1883 ΜΥΧΟΙΣ
978 1834 1179 1889 duevovw
1203 1834 1377 1886 Αλιδος·

282 1910 431 1960 Nem.
457 1926 507 1958 X.
535 1921 604 1963 78.
955 1914 1170 1977 Κορινθου
1194 1935 1227 1960 τ
1249 1924 1325 1963 ΕΝ
1354 1924 1595 1965 ΜΥΧΟΙΣ.

282 2014 529 2064 Caeterum
553 2014 910 2064 emendandum
936 2015 1016 2063 hic
1039 2032 1146 2066 sese
1169 2016 1296 2066 ultro
1314 2005 1458 2066 offert
1475 2020 1731 2083 corruptus

339 2165 404 2199 21.
444 2159 555 2214 μυχῷ
595 2157 624 2197 δ’
661 2157 768 2196 Ἑλλ.
811 2157 897 2196 Par.
933 2157 978 2195 B.

286 2222 391 2262 Med.
422 2223 472 2260 A.

339 2292 405 2327 22.
432 2291 567 2341 μυχοῖς·
585 2285 749 2334 ἅμμενρν
773 2285 885 2324 Rom.
915 2288 982 2334 ᾰμ-

285 2353 393 2403 μένον
425 2352 633 2390 Hermann.
672 2352 718 2389 de
747 2352 835 2390 dial.
873 2352 982 2392 Pind.

286 2420 330 2459 P.
348 2430 434 2457 XII.
462 2417 598 2466 ἅμενον
610 2417 700 2455 Ald.
712 2417 798 2455 Pal.
812 2417 857 2455 B.
873 2416 982 2455 Bodl.

236 2471 241 2474 ’
286 2484 446 2535 astas.
494 2483 594 2534 Aug.
628 2484 678 2520 A.
718 2482 823 2520 Leid.
860 2483 911 2521 A.
937 2482 981 2520 B.

288 2550 393 2599 Lips.
412 2547 494 2586 Ciz.
509 2546 664 2586 Uratisl.
680 2548 730 2585 A.
747 2561 834 2586 cum
848 2547 985 2598 glosse-

289 2619 391 2652 mate
410 2613 605 2660 ὃιοίγοντα.
627 2611 752 2650 Mosc.
766 2613 818 2649 A.
834 2611 878 2649 B.
897 2624 985 2649 cum

290 2678 416 2731 glos'sa
433 2676 646 2726 καθήμενον·
680 2682 716 2715 et
746 2676 911 2726 Guelph.
941 2676 986 2714 In

293 2745 416 2783 Mosc.
441 2743 487 2780 B.
530 2741 825 2792 suprascriptum
854 2759 890 2787 η.
931 2742 987 2779 At

292 2826 384 2858 αμαι
421 2808 660 2847 Pindaricum
696 2820 770 2845 non
813 2812 881 2854 est,
925 2807 989 2845 sed

294 2892 383 2922 ηυαι
411 2874 463 2914 sic
491 2872 642 2921 ηάἇνους
670 2873 785 2912 Nem.
807 2884 853 2920 x,
882 2869 989 2911 62:-

1039 2147 1127 2187 116.
1157 2150 1359 2198 καθήμενος·
1391 2148 1456 2187 Ol.
1474 2161 1505 2196 1,
1525 2153 1588 2188 83.
1616 2146 1732 2197 ἡμένα

1037 2215 1098 2253 Fr.
1117 2215 1215 2264 apud
1228 2214 1436 2253 Hermann.
1455 2214 1499 2251 de
1518 2213 1606 2252 dial.
1625 2213 1733 2252 Pind.

1037 2279 1082 2317 P.
1104 2291 1190 2317 ΧΠ.
1233 2279 1394 2317 Restitui
1410 2279 1523 2329 igitur
1539 2278 1674 2327 ἥμενον
1685 2289 1734 2316 ex

1038 2341 1120 2379 Pal.
1139 2341 1185 2379 C.
1207 2342 1315 2381 Gott.
1336 2343 1436 2392 Aug.
1462 2342 1508 2380 B.
1535 2342 1622 2380 Par.
1642 2341 1733 2380 vat.

1037 2407 1188 2458 optimis
1235 2408 1350 2447 libris.
1424 2407 1564 2446 Malim
1606 2413 1734 2446 tamen

1038 2474 1177 2522 ἥμενοι,
1207 2479 1249 2513 ut
1266 2475 1314 2512 ad
1340 2474 1529 2513 Molionas
1556 2472 1736 2511 referatur

1039 2540 1078 2577 in
1108 2539 1250 2578 insidiis
1284 2541 1454 2580 latentes.
1467 2561 1523 2568 —-
1540 2537 1735 2576 Bacchius.

1044 2605 1104 2644 Sic
1124 2607 1244 2653 θησεῒ,
1263 2605 1464 2654 κελάδημα,
1492 2604 1618 2651 δῆλος,
1638 2615 1737 2643 sem-

1040 2681 1106 2719 per
1124 2669 1223 2719 apud
1243 2669 1460 2713 Pindarum,
1477 2666 1736 2713 Theocritum,

1041 2739 1078 2772 et
1087 2734 1227 2772 Dorica
1235 2734 1461 2786 Pythagorae
1472 2731 1737 2782 discipulorum

1042 2798 1265 2850 fragmenta.
1295 2799 1392 2837 Vide
1410 2798 1573 2837 Brunck.
1592 2797 1639 2836 ad
1661 2796 1737 2834 An.

1046 2865 1114 2904 Gr.
1144 2878 1181 2916 p.
1204 2863 1292 2903 106.
1644 2856 1646 2858 ’
