1786 3178
749 237 1023 271 ramnum.
1544 217 1594 265 ix

161 334 340 382 Verum
363 331 608 381 enimvero
630 336 699 389 ut,
740 332 870 395 quod
905 330 1076 388 sentio,
1115 328 1267 377 libere
1301 328 1489 391 loquar,
1528 326 1590 374 de

157 419 250 467 hac
273 433 326 466 re
347 417 489 464 altius
512 416 687 464 insidet
706 398 856 473 error,
893 431 1038 478 quam
1063 422 1118 463 ut
1146 414 1349 463 convelli
1371 427 1587 476 unquam

158 511 317 569 queat,
355 503 446 551 nisi
469 509 762 551 concurrant
781 501 1122 549 adulescentiae
1151 499 1451 549 celeberrimi
1472 499 1589 546 duc-

156 594 286 635 tores
309 594 360 635 et
381 586 677 635 eruditorum
701 585 932 633 molimini
951 585 1210 648 adspirent.
1263 584 1491 631 Ceterum
1516 582 1587 630 vis

155 679 207 721 et
221 673 498 737 pulcritudo
513 679 688 737 poetae,
701 672 918 737 quamvis
932 672 1014 719 diu
1032 677 1080 718 et
1098 670 1298 717 multum
1316 670 1586 725 obscurata,

152 762 360 812 lectores
403 762 608 810 delinire
651 767 702 808 et
744 744 998 824 percutere
1043 773 1293 821 nunquam
1338 757 1584 804 desinent:

154 848 307 896 arbor'
321 861 536 895 annosus
556 845 830 894 adhucdum
854 850 1057 908 vegetus
1078 844 1241 907 spirat,
1274 841 1588 904 amplissimos

155 949 316 982 ramos
338 933 651 998 protendenS,
670 938 720 979 et
743 930 1054 979 mellitissimo
1077 928 1320 976 fructuum
1346 932 1585 990 proventu

153 1018 386 1086 gaudens.
448 1023 480 1042 “
500 1017 697 1075 Hunc,’'
733 1016 891 1080 inquit
914 1014 1255 1075 Quintilianus,
1302 1018 1336 1038 “
1359 1028 1502 1060 nemo
1535 1012 1586 1059 in

154 1105 344 1171 magnis
367 1102 674 1160 sublimitate,
714 1103 765 1150 in
794 1101 952 1165 parvis
984 1100 1281 1164 proprietate
1313 1097 1556 1162 superavit
1569 1117 1584 1155 3

152 1189 282 1238 idem
305 1188 430 1237 latus
448 1205 506 1237 ac
527 1205 736 1253 pressus,
751 1187 1001 1253 jucundus
1024 1192 1074 1233 et
1095 1186 1284 1251 gravis3
1310 1192 1411 1233 tum
1430 1183 1586 1247 copia,

154 1282 256 1337 tum
278 1275 515 1323 brevitate
538 1273 799 1330 mirabilis3
837 1288 929 1320 nec
958 1271 1150 1335 poetica
1180 1272 1338 1330 modo,
1374 1272 1458 1319 sed
1480 1286 1587 1319 ora-

154 1360 279 1410 toria
299 1360 530 1408 facultate
553 1359 1006 1408 eminentissimus.”
1059 1357 1115 1406 Ρ.
1141 1368 1240 1406 334.
1271 1357 1360 1405 col.
1385 1368 1427 1404 2.
1458 1356 1491 1404 l.
1511 1368 1581 1405 33.

152 1445 328 1504 insere,
359 1444 531 1494 Ροὶκαδε
553 1446 795 1494 Homerus
813 1464 827 1502 ς
867 1448 1090 1492 ΡΥΚΙΑΣ
1114 1444 1367 1507 inscriptio
1389 1444 1586 1492 AEolica

153 1532 284 1594 apud
317 1530 382 1578 P.
407 1531 472 1578 P.
498 1530 566 1578 D.

221 1615 278 1663 V.
338 1614 569 1681 Quisquis
592 1615 769 1663 Atticae
791 1612 1012 1661 dictionis
1046 1612 1302 1661 sanitatem
1336 1613 1588 1663 addiscere

152 1704 348 1770 cogitat,
384 1704 510 1753 hanc
533 1702 798 1750 sectionem
820 1700 967 1765 legat,
1004 1699 1089 1764 qui
1112 1707 1323 1748 mentem
1347 1717 1408 1749 ea
1428 1701 1585 1750 imbu-

150 1798 248 1840 tam
269 1789 508 1854 percupit,
542 1789 670 1836 hanc
693 1787 966 1855 sectionem
1002 1786 1202 1852 relegat.
1274 1786 1464 1836 Nullibi
1496 1805 1585 1853 ap-

148 1883 322 1941 parent
350 1863 626 1926 commenta
658 1874 767 1932 ista,
806 1889 918 1938 quae
952 1873 1165 1920 eruditos
1204 1873 1493 1932 distrahunt,
1533 1882 1584 1922 et

146 1963 365 2028 palantes
386 1964 483 2012 huc
504 1962 622 2013 illuc
654 1967 841 2026 agium
878 1961 963 2007 sed
998 1960 1132 2024 leges
1157 1960 1507 2023 quadamtenus
1529 1961 1580 2009 in

124 2096 127 2097 γ
147 2052 255 2116 ipsa
273 2053 459 2119 ling-ue
477 2050 643 2104 indole
664 2050 910 2106 fundatae;
947 2049 1032 2095 sed
1053 2064 1265 2096 canones
1294 2048 1488 2096 stabiles
1522 2065 1581 2096 ac

147 2150 408 2201 perennes;
427 2137 512 2202 qui
535 2135 856 2200 disquisitioni
880 2134 1129 2182 acerrimae
1149 2134 1352 2183 fideliter
1374 2136 1579 2201 subjecti

146 2239 199 2272 se
221 2225 334 2273 viris
351 2226 401 2272 in
421 2226 512 2272 hac
530 2225 755 2288 palaestra
771 2224 1116 2272 desudantibus
1135 2224 1277 2272 facile
1294 2227 1573 2288 probarunt.

148 2309 272 2358 Haec
316 2311 465 2374 sectio
510 2312 572 2358 ad
617 2326 776 2358 scenae
821 2311 996 2358 Atticae
1031 2309 1306 2374 fragmenta
1352 2311 1576 2360 Ponsom

145 2396 327 2443 aditum
363 2396 610 2453 emunivit,
652 2403 701 2444 et
739 2398 802 2443 ad
840 2397 1178 2460 praestantiora
1216 2399 1352 2445 duxit
1370 2419 1384 2455 ;
1423 2407 1475 2446 ut
1516 2415 1576 2448 ex

146 2481 249 2546 ejus
270 2481 684 2530 emendationibus
700 2483 763 2530 ad
779 2483 1150 2546 Aristophanem
1168 2483 1271 2531 viro
1288 2484 1573 2532 amicissimo

143 2569 440 2616 demandatis
463 2569 599 2616 brevi
621 2571 733 2619 satis
758 2570 1068 2633 comparebit.
1116 2571 1193 2618 De
1217 2571 1443 2636 Tragicis
1467 2588 1573 2619 ver—

142 2653 258 2702 bum
282 2670 380 2702 non
400 2655 599 2712 addam;
640 2656 810 2721 quales
831 2671 919 2703 vos
941 2655 1104 2704 dicam
1126 2654 1347 2704 Antehac
1364 2656 1534 2720 fuisse
1547 2677 1567 2710 ,-

144 2738 269 2787 tales
292 2756 404 2788 cum
426 2740 526 2787 sint
545 2741 766 2806 reliquiae
782 2741 808 2789 ἲ
842 2749 891 2789 et
914 2742 1031 2805 quid
1054 2743 1114 2790 de
1131 2741 1331 2790 Comico
1353 2742 1403 2789 in
1424 2758 1569 2806 argu·

147 2826 320 2874 mentis
361 2826 617 2876 admodum
657 2827 843 2887 vitioso,
888 2829 972 2876 sed
1010 2829 1210 2892 ingenio
1258 2836 1306 2877 et
1349 2828 1573 2876 facundia

856 2912 882 2959 b
