1864 3132
874 216 941 266 43

189 319 384 369 nullam
406 321 690 377 tantundem
721 323 853 385 quod
888 324 1007 389 quin
1024 323 1291 384 >incidat'in
1311 327 1618 378 nonnullam.

191 397 282 446 Vel
305 399 404 449 sic:
445 398 563 466 quin
589 399 782 448 nullam
803 404 1090 451 tantundem
1112 397 1243 452 valet'
1256 400 1393 469 quod
1417 406 1501 472 qui
1514 422 1622 461 non

188 478 396 527 nullam.
468 479 680 528 Proinde
702 480 936 529 habemus
973 484 1103 545 quod
1138 484 1417 548 aequipollet
1450 508 1513 555 τῳ
1536 485 1624 556 qui

189 554 244 602 in
265 556 557 605 nonnullam
579 574 679 606 non
701 557 901 607 incidat.
940 559 1031 606 Vel
1054 561 1265 624 denique
1281 561 1382 612 sic:
1426 560 1611 622 Qain-
1571 587 1613 594 -

195 631 295 691 Qui
314 648 427 681 non.
489 633 702 684 Proinde
734 634 867 695 Quin
888 619 1082 684 nullam
1106 636 1194 685 ἀει.
1211 661 1253 680 =
1270 637 1370 705 Qui
1389 644 1488 686 non
1509 639 1622 687 nul-

189 708 292 756 lam
314 725 488 758 earum
511 709 564 759 in
586 712 820 774 regulam
841 728 942 760 non
962 696 1165 761 incidat.
1225 712 1350 760 Dele
1372 704 1621 778 geminum

187 801 324 841 non,·
373 792 425 834 et
462 787 664 835 restabit
708 786 808 847 Qui
842 788 1037 839 nullam
1081 804 1259 849 earum
1297 789 1352 837 in
1389 789 1622 855 regulam

185 865 388 918 incidat.
458 866 518 915 Id
563 868 720 930 quod(
748 868 858 916 luce
916 868 1091 918 clarius
1148 875 1222 919 est
1264 861 1620 929 Terentianum

187 943 409 992 voluisse.
467 944 713 993 Caeterum
736 946 901 1011 pergit
921 948 1266 1012 grammaticus
1286 968 1297 998 :

217 1053 450 1109 „Rarum
473 1055 737 1104 concedam
747 1075 769 1111 ;
789 1055 916 1120 fieri
935 1073 1035 1106 non
1049 1073 1196 1121 posse
1218 1058 1412 1122 negabo
1430 1076 1446 1106 :

240 1184 260 1188 ,,
318 1142 466 1207 Apud
487 1142 752 1194 IVIaronem
773 1144 890 1194 talis
911 1145 1125 1195 incurrit
1145 1146 1281 1205 milii,
1303 1151 1306 1157 '
1370 1154 1373 1157 ’

202 1261 217 1265 .,
209 1229 565 1336 Magnanimi
588 1231 990 1299 Iovisingratum
1006 1231 1277 1284 vascendere
1301 1236 1460 1284 cubile
1480 1255 1494 1286 ε

290 1304 295 1308 ”
319 1315 558 1381 Species·
537 1335 591 1366 in
604 1318 765 1368 'istum
785 1320 929 1368 nulla
945 1321 1189 1387 praedicta
1213 1322 1406 1371 incidit.

187 1424 367 1473 Verum
395 1426 527 1473 haud
543 1404 733 1475 leviter
767 1428 946 1476 erravit
978 1422 1136 1476 bonus
1162 1428 1458 1501 Magister.
1489 1425 1622 1482 Nam

187 1503 276 1549 *in
299 1502 430 1550 hunc
447 1501 638 1567 Virgilii
661 1519 852 1551 versum
878 1520 939 1551 ex
960 1505 1206 1568 praedictis
1229 1493 1484 1568 speciebus
1514 1506 1622 1554 duae

184 1577 430 1635 incidunt;
466 1593 645 1642 nempe
661 1600 774 1637 τομη
791 1580 1133 1645 πενθημιμερης
1121 1596 1170 1627 in
1188 1596 1357 1628 vocem
1379 1580 1434 1629 in
1449 1578 1473 1646 Ι
1500 1597 1622 1644 gra-

186 1662 291 1704 tum
313 1663 363 1704 et
384 1657 683 1721 ἑφθημιμερης
714 1657 765 1703 in
799 1656 868 1704 ad
896 1654 904 1721 Ι
935 1657 1178 1707 scendere.
1252 1657 1366 1706 Pari
1401 1658 1624 1726 profecto

178 1828 314 1879 triplex
347 1798 510 1880 negatio,
547 1827 650 1872 Quin
677 1827 876 1865 nullam—-

176 1906 267 1942 non,
311 1894 346 1931 is
389 1893 490 1945 legat
533 1892 640 1930 velim
674 1893 875 1942 subjectum

183 1959 336 2011 Virgilii
353 1959 469 1997 locum
483 1958 624 2008 Georg.
642 1969 674 1996 1.
695 1961 759 1996 83.
787 1957 873 1996 'Nee

928 1812 1093 1877 epistolis
1106 1828 1259 1867 addidit.
1287 1823 1398 1867 nulli&
1409 1830 1497 1869 MS.
1513 1837 1623 1875 recte,

930 1892 979 1930 R.
999 1893 1044 1931 B.
1070 1893 1188 1952 'Virg.
1209 1896 1302 1933 Buc.
1323 1907 1384 1943 1v‚
1414 1899 1477 1934 55.
1534 1897 1623 1935 Non

926 1959 1216 1998 me‘carminibus
1231 1960 1352 1998 vincet
1361 1973 1428 1999 nec
1444 1961 1625 2000 Thracius

177 2025 284 2064 'nulla
309 2024 452 2065 interea
478 2026 534 2062 est
559 2023 879 2085 inarataegratia

180 2096 302 2129 terrae.
323 2089 372 2128 R.
387 2089 442 2127 D.
461 2086 559 2127 Add.
575 2095 612 2126 et
624 2088 730 2127 Corr.
749 2089 873 2127 Varro

928 2023 1107 2073 orpheus,
1134 2038 1202 2068 nee
1221 2025 1338 2064 Linus
1357 2039 1401 2073 x,
1423 2031 1484 2066 12.
1516 2026 1623 2078 lego,

927 2088 1030 2126 Nam
1057 2101 1173 2140 neque
1202 2091 1363 2129 Parnasi
1380 2087 1490 2129 ‘vobis
1506 2093 1623 2142 juga,

181 2157 281 2207 Lege
300 2155 443 2194 Maenia
460 2155 559 2204 apud
577 2154 680 2192 Non.
699 2153 874 2192 Marcell.
927 2166 1010 2191 nam
1037 2166 1152 2205 neque
1182 2155 1306 2203 Pindi,
1343 2156 1463 2193 Nulla
1488 2169 1625 2194 moram

178 2233 218 2270 p.
239 2223 332 2258 225.
371 2219 503 2271 Neque
518 2219 559 2257 in
576 2219 702 2257 bonam
718 2224 875 2270 segetem
911 2217 1283 2270 fecere—nomana.
1301 2221 1417 2259 Ovid.
1430 2234 1477 2259 ex
1493 2220 1623 2269 Ponto,

178 2283 326 2322 nullum
344 2289 398 2321 est
414 2284 553 2333 spicum
568 2293 730 2334 nequam,
758 2297 874 2335 neque
929 2294 991 2330 IV,
1020 2281 1058 2330 v,
1094 2287 1153 2322 15.
1198 2284 1314 2335 Copia
1336 2299 1403 2324 nec
1429 2287 1528 2325 vobis
1546 2287 1622 2326 ullo

179 2349 220 2388 in
248 2349 343 2386 mala
377 2360 452 2385 non
483 2348 625 2398 aliquid
651 2349 692 2401 [l.
711 2349 873 2402 aliquod]
921 2347 1136 2398 prohibente
1169 2349 1315 2388 videndi
1353 2350 1535 2399 Consulis,
1580 2357 1623 2389 ut

180 2415 322 2454 bonum.
351 2412 461 2450 Plato
472 2411 710 2450 Phaedr.111.
728 2426 764 2462 p.
780 2412 872 2453 236.
926 2413 1032 2451 limen
1077 2413 1322 2465 contigeritiS,
1369 2415 1453 2454 erit.
1510 2415 1621 2469 Lege,

182 2478 232 2518 Ess
265 2476 461 2525 μηδέποτέ
497 2492 557 2513 σοι
588 2474 724 2528 ἔτ’-ερον
757 2475 873 2525 λόγον
926 2479 1036 2516 nullo.
1066 2478 1113 2516 R.
1130 2479 1176 2517 B.
1213 2479 1293 2517 Cic.
1311 2479 1446 2531 fragm.
1467 2480 1536 2518 Or.
1555 2492 1622 2529 pro

179 2541 317 2593 μηδένα
351 2540 503 2591 μηδένας
538 2539 636 2589 μήτε
671 2540 874 2594 ἐπιδείξειν,
930 2544 1093 2582 Scauro:
1151 2544 1282 2596 Neque
1317 2558 1384 2595 ego
1421 2544 1623 2582 Sardorum

180 2593 271 2656 μήτ’
298 2608 528 2659 εξαγογελεῖν.
578 2603 728 2642 Suetnn.
752 2605 873 2651 Nero,
928 2607 1095 2659 querellis
1139 2608 1275 2646 moveri
1319 2621 1385 2646 nos
1429 2620 1621 2659 nunquam

185 2681 317 2709 xxv1.
372 2671 431 2708 Ac
462 2682 507 2707 ne
539 2668 703 2720 Augusti
735 2669 875 2719 quidem
928 2675 1096 2721 oportere
1112 2672 1222 2722 (aia).
1259 2671 1355 2710 Haec
1371 2678 1426 2710 est
1450 2672 1622 2722 loquendi

182 2747 322 2782 nomen,
362 2746 566 2786 quanquam
601 2732 871 2781 hereditarium,
925 2733 1047 2773 forma
1057 2735 1154 2786 apud
1162 2734 1339 2786 illos,qui,
1348 2734 1484 2773 Latina
1494 2734 1621 2783 lingua

183 2799 280 2846 ullis,
307 2798 379 2837 nisi
410 2799 460 2840 ad
476 2811 589 2850 -reges
616 2809 660 2837 ac
685 2797 871 2849 dynastas,
925 2800 1138 2841 dominante
1155 2812 1200 2839 ac
1214 2800 1372 2852 vigente,
1385 2800 1619 2850 scripserunt.

1213 2873 1244 2900 ιι

1666 1516 1723 1556 18
