1864 3132
267 233 346 273 602

264 468 328 508 74.

253 1370 318 1411 78.

254 1503 316 1539 80.

253 1701 317 1736 83.

253 1894 315 1931 85.

251 2154 314 2195 87.

201 2361 313 2403 ,ω

530 246 747 274 ΑΒΒΕΝΒΑ
779 247 830 273 ΕΤ
861 246 1156 274 CORRIGENDA
1187 247 1246 274 AD
1276 247 1429 275 NOTAS.

371 333 476 373 ὄντες
495 334 688 384 ἐλεεγοντο.
716 335 1039 374 ΠΑΡΙΟΝΤΕΣ
1055 336 1341 388 inepte'corrigit
1359 335 1505 374 Harius
1521 336 1560 374 in
1578 334 1686 376 RB.

370 413 405 450 p.
428 405 539 446 107.;
566 400 651 438 vide
669 399 719 438 R.
733 399 780 438 P.
800 400 898 450 apud
917 399 964 437 P.
978 399 1025 438 P.
1037 399 1091 438 D.
1108 399 1155 440 ad
1172 401 1288 451 Vesp.
1311 404 1456 452 1020.).

382 464 457 501 col.⁵
473 469 507 501 1.
549 464 572 502 ἰ.
595 469 656 503 12.
697 470 785 514 post
825 470 847 488 “
867 464 1042 504 bortellus
1055 467 1095 512 ;’'
1137 465 1266 512 insere,
1316 465 1431 516 Soph.
1469 465 1532 504 El.
1571 470 1687 511 1172.

369 527 621 581 εὖφημοσῦνᾳ,
664 528 882 581 ἐφημοσῦνᾳ
915 528 1004 568 MS.
1032 528 1140 568 Harl.
1173 529 1242 567 Ph.
1261 526 1354 574 467.
1382 545 1427 568 σε
1446 528 1624 578 δαίμονες,
1652 528 1688 568 c'

365 591 571 640 εὐδαίμονες
591 592 679 630 MS.
699 592 808 633 Harl.
836 593 904 631 col.
922 597 960 631 2.
988 593 1014 630 l.
1031 597 1070 631 4.
1093 598 1179 643 post
1207 599 1229 616 “
1249 593 1366 631 553.”
1391 592 1523 641 insere,
1542 595 1685 645 Agam,

366 659 457 702 730.
487 660 525 696 εὖ
543 656 759 710 φιλόπαιδα,
789 656 847 696 καὶ
864 656 1068 710 φιλόπαιδα
1080 657 1167 696 MS.
1189 657 1312 708 Bigot.
1342 657 1394 695 Et
1410 662 1550 705 contra,
1571 657 1686 696 Eum.

365 727 456 767 887.
498 721 628 775 ἔξεστι
655 722 730 775 «γάρ
759 739 820 761 σοι
849 722 938 777 τῇδε
965 723 999 771 ’γ’
1023 723 1191 776 εὖμοίρου
1209 719 1357 775 χθονός’.
1399 720 1429 760 δ’
1446 720 1580 776 α’μοίρν
1598 721 1684 772 (sic)

365 784 461 823 Rob.
493 784 528 833 ‘y’
552 785 709 838 α’μοῖρου
744 783 834 822 Ald.
863 786 898 833 γ’
932 784 1100 838 εὖμοὶρον
1133 785 1294 823 Turneb.
1342 784 1454 836 Lege,
1491 783 1681 826 ΊἩΣΔΕ

363 848 615 888 ΓΑΜΟΡΩΙ
632 850 700 903 χθ.
742 848 789 886 Ρ.
804 848 851 887 Ρ.
866 849 920 887 D.
951 849 989 886 in
1018 848 1133 888 class.
1160 848 1294 888 Journ.
1328 848 1406 888 No.
1427 860 1500 887 111.
1531 861 1572 899 p.
1591 847 1686 887 654.

366 912 457 959 896.
485 915 666 954 εὖσθενεΐν
683 913 772 951 Ald.
799 914 938 953 α’θενεῖν
962 913 1058 951 Rob.
1086 915 1238 952 ὲύθενεῖν
1268 912 1318 951 R.
1334 912 1381 951 Ρ.
1423 913 1547 964 Equit.
1567 917 1683 957 1272.

364 984 391 1002 “
409 979 631 1033 α’λογίζεται
651 992 718 1035 ρτρ
736 978 775 1017 εὖ
791 987 828 1017 λ.
865 978 966 1017 Suid.
983 977 1072 1017 MS.
1090 979 1129 1016 in
1146 992 1184 1016 v.
1225 978 1525 1034 Λοιδορεΐσθαι.”
1561 977 1613 1015 R.
1631 977 1680 1015 P.

363 1043 462 1093 apud
481 1043 527 1081 P.
537 1042 647 1080 P.D.
675 1043 824 1081 Mosch.
843 1042 899 1079 Id.
922 1055 984 1089 1v,
1003 1047 1067 1088 98.
1095 1042 1301 1097 εὖμίτροιο.
1327 1042 1506 1096 α’μίτροιο
1522 1042 1562 1081 in
1581 1054 1683 1080 mar-

362 1108 446 1159 gine
463 1107 684 1156 exemplaris
704 1106 844 1154 Aldini,
867 1107 963 1157 quod
980 1106 1136 1156 inspexi.
1165 1107 1188 1145 l.
1207 1111 1246 1152 9.
1269 1112 1358 1157 post
1376 1113 1402 1129 “
1419 1106 1523 1145 xvi.''
1548 1106 1681 1153 insere,

363 1171 409 1209 T.
422 1171 478 1209 H.
507 1171 603 1210 Obs.
623 1170 736 1209 Misc.
757 1182 831 1208 111.
859 1184 894 1220 p.
913 1175 1017 1218 422„
1045 1177 1082 1209 et
1099 1170 1195 1208 infra
1211 1184 1248 1221 p.
1267 1169 1358 1216 496.

375 1237 444 1275 col.
466 1243 499 1275 1.
528 1237 552 1274 l.
575 1241 636 1274 14.
662 1242 746 1286 post
777 1234 933 1274 “465.’'
971 1236 1103 1283 insere,
1134 1236 1304 1287 AEschyl.
1333 1236 1474 1285 Agam.
1498 1238 1590 1273 344.
1633 1236 1679 1272 αἷς

361 1302 610 1349 δυσδαίμονα,
639 1299 669 1339 a?
685 1301 887 1349 εὐδαίμονες·
909 1300 996 1338 MS.
1015 1301 1138 1351 Bigot.

374 1366 442 1404 col.
464 1371 499 1406 1.
525 1365 549 1402 l.
572 1365 712 1415 penult.
753 1365 812 1402 De
839 1364 913 1410 ἥκω
941 1370 979 1401 et
1006 1365 1162 1418 οἴχομαι
1181 1363 1276 1403 conf.
1297 1364 1533 1414 Lecapenum
1553 1362 1680 1414 Mosq.

360 1433 422 1484 qui
439 1434 478 1470 in
495 1437 668 1482 promptu
687 1444 760 1469 non
776 1436 844 1469 est.

371 1498 440 1536 col.
460 1502 498 1536 2.
526 1498 550 1535 l.
578 1498 645 1535 ult.
674 1497 778 1544 adde,
808 1498 843 1534 A
866 1496 978 1535 etiam
1007 1496 1046 1534 in
1072 1496 1112 1534 H
1135 1496 1252 1534 rarius
1271 1502 1420 1536 mutant
1437 1497 1571 1546 Dores,
1600 1503 1641 1536 ut
1657 1510 1678 1536 e

357 1565 467 1604 tertia
482 1577 638 1615 persona
655 1563 831 1614 singulari
858 1564 1050 1613 praesentis
1078 1569 1116 1602 et
1135 1563 1338 1613 imperfecti
1356 1564 1551 1602 verborum
1567 1563 1605 1602 in
1621 1580 1676 1603 αω

360 1634 531 1675 constat3
560 1629 682 1682 κοιμῇ,
711 1628 850 1676 ἐκοίμη.
879 1627 929 1666 R.
944 1627 993 1666 P.

372 1695 442 1734 col.
465 1700 499 1733 1.
527 1695 552 1734 l.
575 1697 637 1732 15.
669 1693 802 1740 insere,
833 1693 986 1732 Callim.
1007 1694 1066 1731 Fr.
1087 1705 1232 1732 cxmx.
1274 1693 1425 1746 νιφετοῦ
1450 1694 1507 1732 καὶ
1533 1694 1678 1745 βελέων

357 1761 486 1819 ἔρυμα.
540 1759 694 1810 Corrige
729 1758 842 1807 illico,
871 1759 1060 1807 Ποικίλον,
1098 1756 1351 1813 ἀστερόεντα,
1389 1760 1508 1797 κακῶν
1532 1757 1678 1809 βελέων

357 1825 537 1880 ἀλεωρήν.

370 1891 440 1929 col.
459 1895 497 1930 2.
526 1891 550 1928 l.
573 1896 608 1928 1.
636 1890 823 1941 Theognis
843 1888 935 1929 265.
968 1887 1089 1928 Ἔνθα
1121 1886 1239 1938 μέσην
1274 1887 1359 1942 περὶ
1393 1888 1509 1928 παῖδα
1544 1886 1676 1938 βαλιόν

356 1956 489 2005 ἀγκῶν’
506 1955 671 2008 ἐφίλησα
690 1954 988 2010 Δειρήν,-Οοᾶ.
1003 1954 1103 1992 Mut.
1132 1953 1240 2007 παριί
1255 1954 1337 1992 edd.
1363 1951 1390 1991 I.
1411 1958 1476 1993 21.
1502 1951 1675 2002 AEschyl.

357 2019 529 2070 Choeph.
548 2024 642 2065 490.
679 2018 869 2065 ἐκαινέτην
903 2018 1029 2057 Valck.
1060 2018 1107 2055 ad
1133 2017 1204 2055 Ph.
1226 2020 1341 2055 1310.
1382 2014 1577 2064 Aristoph.
1595 2015 1672 2051 ΑΥ.

357 2090 447 2123 844.
477 2083 625 2138 Κήρυκε
644 2084 860 2122 IVIarkland.
878 2084 926 2121 ad
946 2083 1037 2120 Eur.
1058 2081 1142 2130 Iph.
1161 2081 1207 2118 T.
1233 2084 1320 2117 112.
1348 2077 1400 2116 R.
1416 2077 1462 2115 P.

371 2149 438 2186 col.
461 2154 496 2185 1.
526 2149 551 2185 l.
570 2152 607 2186 3.
631 2154 718 2197 post
736 2148 867 2195 λέγειν.
907 2147 1038 2192 insere,
1069 2143 1269 2182 Demosth.
1287 2144 1458 2181 Procem.
1473 2142 1674 2193 Demegor.

355 2225 392 2261 p.
411 2215 527 2257 1442,
546 2215 610 2249 20.
634 2210 744 2248 δεινός·
762 2214 886 2248 εἰπεῖν.
916 2207 1044 2246 Reislc.
1072 2207 1190 2246 Bewffis·
1208 2205 1417 2244 Lambinus.
1444 2206 1513 2244 col.
1533 2211 1570 2245 2.
1587 2207 1613 2244 l.
1635 2209 1671 2245 8.

347 2281 435 2327 post
454 2281 478 2300 “
493 2275 604 2315 812.''
629 2276 760 2324 insere,
789 2275 837 2313 In
855 2275 976 2313 elimes
995 2273 1133 2323 beyond
1149 2272 1209 2311 the
1226 2273 1326 2311 solur
1341 2272 1444 2310 road.
1490 2271 1610 2323 Gray.

367 2354 434 2393 col.
458 2358 492 2391 l.
519 2353 543 2391 l.
563 2357 603 2398 7.
623 2358 709 2403 post
735 2358 758 2376 ‘⁴
779 2354 835 2391 2.”
875 2352 1007 2399 insere,
1036 2350 1170 2390 Βαίκα.
1197 2349 1275 2389 ἐάν.
1306 2350 1470 2403 Κρῆτες.
1494 2347 1669 2398 Her-iuga

353 2419 451 2470 apud
488 2417 615 2456 Valck.
645 2419 694 2455 ad
725 2417 904 2456 Herodot.
932 2417 958 2455 l.
979 2421 1041 2455 22.
1085 2421 1111 2439 ‘⁴
1131 2413 1219 2460 96.η
1257 2415 1362 2462 adde,
1395 2413 1588 2464 Tyrwhitt.
1622 2413 1671 2450 ad

356 2484 479 2523 strab.
506 2495 543 2533 p.
564 2487 627 2521 12.
654 2483 724 2520 col.
745 2487 782 2521 2.
809 2482 832 2520 l.
853 2487 918 2521 22.
949 2482 1001 2520 10.
1022 2481 1198 2520 Gramm.
1223 2480 1250 2518 f.
1269 2484 1361 2519 244.
1386 2479 1422 2517 b.
1456 2477 1512 2516 *ra*
1538 2477 1581 2516 δὲ
1602 2476 1672 2539 αὶ-

355 2549 501 2604 χόμενα
519 2548 608 2600 παρ’
625 2549 709 2595 ἡμῖν
726 2547 804 2585 dm)
824 2548 895 2585 τοῦ
910 2549 957 2600 ρ’,
981 2546 1091 2585 αὐτοὶ
1110 2545 1293 2598 [Αἰολεῖς]
1311 2542 1537 2599 προτιθέασι
1556 2541 1606 2580 *ro*
1618 2549 1670 2593 β,

354 2617 412 2653 ἵνα
430 2613 552 2664 ψιλὸν
568 2611 1032 2666 γένηται-ῥαδάμανθυς,
1061 2610 1337 2664 βραδιίμανθικ.
1375 2608 1547 2663 ῥυτῆρες,
1576 2606 1673 2660 βρυ-

355 2683 482 2736 τῆρες.
528 2679 709 2717 Miltonus
743 2679 785 2716 P.
805 2681 856 2717 A.
889 2691 950 2726 vl,
984 2682 1074 2717 231.
1121 2677 1196 2714 The
1232 2676 1351 2726 ridges
1391 2673 1439 2728 qf
1454 2671 1554 2725 grim
1579 2684 1671 2710 war.

353 2753 380 2771 ‘⁶
402 2747 419 2784 I
439 2758 607 2796 presume
633 2745 697 2782 the
726 2745 859 2782 author
881 2757 976 2796 gave
994 2745 1034 2791 it,
1065 2743 1140 2780 The
1162 2754 1354 2781 munem
1373 2739 1525 2793 qurun
1544 2749 1668 2783 νιιις

353 2813 451 2850 from
486 2812 544 2849 his
581 2810 726 2848 Master
758 2809 915 2855 Homer,
971 2806 1160 2855 Πολέμοιο
1194 2805 1392 2860 γεφύρας.”
1444 2804 1669 2843 Bau-rtur.

354 2877 543 2925 Fremant,
572 2888 637 2927 per
660 2886 721 2913 me
750 2873 848 2921 lieet,
877 2872 1019 2912 Pearcii
1050 2871 1235 2918 fautores;
1270 2869 1413 2920 Ridges
1440 2873 1478 2906 et
1510 2865 1670 2917 Bridges
