1864 3132
851 208 918 256 9’7

166 313 546 362 'additamentum
569 326 688 376 quas
722 313 889 360 turbas
912 309 1073 361 dedit!
1143 310 1266 360 Eam
1301 316 1356 360 tu
1389 310 1598 362 vicissim

167 391 322 446 deme,
358 405 416 436 ac
449 389 559 453 lege
593 392 692 436 θεῶι
725 388 824 437 sive
859 390 930 436 uti
953 390 1096 438 hodie
1120 390 1265 438 moris
1290 396 1363 438 est
1384 389 1599 443 scribere

166 468 307 527 θεῷ,44
341 474 395 514 ut
417 466 712 514 constructio
742 466 803 514 Sit
831 489 969 532 αρχαι
997 465 1042 514 δε
1077 477 1193 516 *συν
1221 471 1306 529 θεῳ
1341 468 1599 528 βέβληνται
1633 458 1695 512 57

167 543 396 599 clamomores
419 566 556 592 κεινου
578 542 728 609 ανδρος
749 566 941 609 αρεταις.
1002 549 1088 593 Συν
1122 547 1207 606 θεῳ
1240 544 1327 592 deo
1348 544 1560 610 favente
1577 560 1597 591 .·

169 621 250 669 Sic
271 620 326 670 Ν
329 636 514 669 emeon.
542 636 655 669 vm.
693 633 763 670 28.

502 722 613 759 ΣΥΝ
644 722 774 760 ΘΕΩΙ
803 731 898 775 *γαρ
927 733 998 759 τοι
1025 713 1255 777 φυτευθεις

437 839 441 842 ,
504 788 661 847 Ολβος
689 790 957 853 ανθρωποισι
985 805 1333 853 παρμονωτερος.

167 883 284 931 Isth.
310 900 378 932 lv.
406 891 447 934 6.
506 891 608 934 Αισι
634 884 926 943 Κλεωνυμιδαι
948 891 1194 936 θαλλοντες
1217 908 1298 934 atet

501 974 613 1011 ΣΥΝ
643 974 785 1018 ΘΕΩΙ,
820 966 981 1013 θνατον
1008 961 1200 1029 διερχον-

501 1060 578 1085 ται
608 1061 664 1086 το
691 1040 795 1098 βιου
823 1048 967 1092 vexus.

172 1136 400 1184 Similiter
426 1137 558 1200 apud
590 1136 862 1189 Homerum·
891 1162 970 1188 συν
999 1137 1158 1198 δαιμονι
1191 1138 1398 1202 legimus
1433 1146 1502 1185 IA.
1529 1144 1601 1194 [0,

170 1216 292 1269 403]

253 1332 262 1334 >
306 1305 378 1351 Τις
402 1298 466 1348 οἰδ
489 1323 525 1348 ει
547 1323 620 1350 κεν
643 1300 689 1348 οἷ
712 1313 823 1351 ΣΥΝ
853 1313 1104 1352 ΔΑΙΜΟΝΙ
1129 1306 1263 1359 θυμον
1287 1324 1411 1368 ορινω

307 1381 569 1441 nupt-:imum

174 1493 286 1542 Nec
321 1510 438 1541 vero
477 1495 686 1558 cuipiam
721 1495 976 1558 displicere
1011 1497 1156 1544 debet
1189 1497 1282 1543 ista
1314 1495 1499 1544 voculae
1526 1517 1606 1544 συν

175 1577 425 1633 utcunque
462 1570 674 1618 insolens
718 1571 983 1630 collocatio,
1030 1572 1214 1636 quippe
1259 1588 1403 1635 quam
1450 1571 1501 1618 ni
1544 1570 1607 1617 ad

175 1653 260 1711 θεῳ
283 1648 587 1696 referendam
609 1649 818 1711 accipias
840 1649 972 1696 nulla
989 1651 1236 1697 exoritura
1257 1656 1330 1697 est
1351 1649 1608 1705 sententia,

176 1739 235 1770 ac
274 1724 479 1787 proinde
523 1724 682 1772 nullus
727 1731 800 1771 est
842 1724 1149 1789 ambiguitati
1192 1725 1341 1772 locus.
1413 1721 1610 1785 Alioqui

177 1816 341 1848 versus
375 1799 564 1847 initium
598 1800 898 1864 transpositis
937 1801 1124 1848 duabus
1152 1802 1350 1849 vocibus
1382 1799 1610 1847 constitui

177 1882 356 1940 posset,
391 1881 477 1924 Συν
510 1898 644 1925 κεινου
672 1874 836 1941 ανδρος.
907 1876 1018 1936 Quo
1057 1884 1202 1941 pacto
1238 1877 1499 1924 haberetur
1538 1878 1623 1937 θεῳ

178 1973 255 1999 συν
284 1967 374 2014 pro
398 1973 477 1999 συν
512 1956 620 2013 Θεῳῑ
659 1953 927 2018 cujusmodi
962 1953 1181 2017 exempla
1215 1954 1392 2017 passim
1428 1957 1610 2000 extant.

181 2027 278 2074 Sed
323 2027 523 2076 Pindari
566 2029 740 2092 opinor
784 2029 981 2076 auribus
1025 2030 1230 2078 alterum
1286 2030 1404 2077 illud
1459 2028 1613 2094 magis

181 2104 377 2168 placuit.

271 2189 455 2237 Eadem
510 2191 675 2237 itidem
731 2191 1069 2240 emendatione
1126 2193 1424 2241 restituenda
1478 2195 1614 2242 venit

183 2281 419 2330 germana
451 2266 648 2314 alterius
681 2267 776 2315 loci
810 2268 966 2315 forma

238 2398 302 2430 44.
332 2398 354 2416 “
373 2392 571 2431 Horribilis
583 2399 620 2431 et
636 2394 802 2433 inaudita
818 2409 876 2433 or·
928 2395 1033 2435 cendi
1066 2408 1180 2446 genus
1215 2397 1372 2435 enodare
1404 2411 1477 2436 non
1507 2399 1618 2437 desti-

184 2458 279 2496 dinis
294 2458 522 2495 convulsio.”
559 2458 742 2496 Reiskius.
774 2459 876 2496 Mal-
927 2460 1034 2498 tisses
1049 2474 1059 2504 ;
1118 2459 1178 2497 El.
1224 2463 1316 2503 725.
1385 2462 1503 2499 πῶλοι
1546 2463 1617 2512 βίᾳ

185 2522 260 2559 lem
271 2523 522 2572 conjecturam
533 2521 685 2560 feliciter
695 2523 874 2561 audacem
929 2523 1123 2575 φοροῦσιν,
1152 2521 1189 2560 ἐκ
1220 2522 1248 2561 δ’
1276 2526 1525 2577 ὑποστροφῆς
1550 2527 1620 2564 Τε-

186 2587 351 2625 dixisset.
412 2587 451 2624 Si
492 2586 652 2624 Pindaro
695 2587 733 2624 in
779 2587 874 2624 altos
928 2589 1080 2626 λοῦντες
1118 2586 1229 2627 ἕκτον
1275 2587 1438 2638 ἕβδομόν
1478 2589 1514 2627 τ’
1549 2589 1619 2635 ἤδη

189 2651 341 2689 nubium
357 2656 500 2689 tractus
514 2663 600 2687 cum
616 2649 755 2699 impetu
769 2656 874 2700 rapto
929 2650 1252 2704 &eduum—Infra
1276 2650 1433 2689 Tierozs'
1452 2652 1619 2690 Homero

189 2714 426 2764 confragosas
447 2714 646 2752 sententias
664 2714 874 2764 denegares,
930 2706 1104 2754 restitui(
1123 2716 1171 2753 R.
1201 2715 1251 2752 D.
1309 2715 1405 2753 Vide
1441 2715 1488 2753 ad
1527 2721 1618 2753 sect.

194 2777 387 2828 Sophoclis
424 2779 551 2818 saltim
588 2783 797 2816 tortuosum
829 2779 882 2815 di-
939 2792 1000 2818 ιν.
