1864 3132
953 204 1020 253 84

670 314 1013 374 ΠαΎὙλωσσ-ιᾳ,
1046 330 1224 376 κορακες
1257 310 1327 368 ὥς,
1395 357 1400 361 .

744 393 953 453 Ακραντα
979 387 1246 455 γαρυετον.]

265 479 414 529 Hunc
437 481 499 527 ad
520 479 679 528 locum
706 487 871 536 monet
894 480 1188 529 Scholiastes
1211 480 1335 528 alter
1370 479 1461 526 ista
1493 481 1708 535 μαθοντες

265 580 488 624 «γαρυετον
531 559 761 606 adversus
818 575 1130 607 numerorum
1188 559 1426 607 rationem
1484 571 1707 620 peccare.

266 636 437 684 Recte.
508 635 692 700 Neque
737 638 865 685 enim
911 637 1139 686 audiendi
1179 643 1293 685 sunt
1337 637 1385 694 ii,
1434 636 1483 684 in
1532 635 1710 699 quibus

269 711 547 771 Barnesius,
596 721 860 778 perpetuus
893 714 996 762 'iste
1042 729 1285 778 nugarum
1332 711 1710 767 consarcinator,

268 806 446 837 nomen
471 791 729 854 profitetur
753 808 908 849 suum,
947 791 1030 854 qui
1065 790 1268 838 verbum
1304 788 1446 836 duale
1469 788 1533 834 ad
1557 786 1713 834 nomi-

268 866 484 931 nativum
541 867 672 915 circa
729 884 806 916 res
864 868 1028 932 plures
1082 882 1227 929 quam
1274 865 1392 912 duas
1438 868 1712 911 versantem

267 943 485 1010 legitime
530 944 703 993 referri
747 962 889 1010 posse
935 944 1207 993 voluerunt.
1302 942 1456 990 Video
1515 940 1712 1005 quidem

269 1022 578 1071 Eustathium
618 1023 669 1071 in
710 1023 849 1071 istam
890 1022 1035 1070 etiam
1071 1020 1363 1069 sententiam
1400 1017 1712 1067 concessisse.

269 1099 367 1147 Sed
407 1115 568 1162 neque
606 1101 735 1165 apud
771 1116 882 1148 eum
920 1116 1076 1164 nugas
1110 1115 1220 1147 raro
1252 1104 1326 1146 est
1360 1095 1596 1144 invenire.
1667 1091 1716 1142 In

270 1178 439 1240 utique
464 1178 559 1224 huc
583 1176 746 1226 facere
771 1177 1064 1225 existimavit
1088 1176 1206 1224 illud
1222 1173 1538 1223 Homericum
1565 1177 1643 1219 IA.
1662 1173 1716 1218 A.

270 1262 375 1304 566.

340 1349 423 1401 Μη
447 1367 494 1393 νυ
517 1367 588 1392 τοι
617 1367 665 1392 ου
694 1366 980 1409 χραισμωσιν,
1017 1345 1114 1394 ὅσοι
1148 1347 1238 1393 θεοι
1263 1365 1333 1392 eto·
1363 1365 1408 1392 εν
1433 1348 1649 1403 Ολυμπῳ,

339 1425 496 1469 Ασσον
519 1424 623 1476 ιονθ,
659 1443 739 1468 οτε
763 1442 832 1469 κεν
856 1443 928 1468 τοι
960 1421 1162 1471 adm-rous·
1184 1442 1333 1485 χειρας
1358 1424 1507 1484 εφειω.

275 1514 341 1559 At
387 1510 516 1558 enim
562 1509 631 1556 ibi
676 1525 845 1557 vocem
894 1512 1002 1567 ιονθ,
1051 1525 1150 1556 non
1187 1508 1309 1574 jam,
1356 1507 1427 1555 uti
1467 1502 1724 1555 somniavit

276 1587 577 1645 Eustathius,
613 1608 744 1646 ιοντε,
783 1587 868 1634 sed
890 1587 1062 1635 :ov-roff²9
1097 1585 1252 1650 accipi
1281 1593 1505 1650 oportere
1527 1582 1723 1632 abunde

275 1665 626 1715 demonstravit
671 1665 864 1712 doctiss.
912 1664 1151 1713 Clarkius.
1223 1663 1331 1712 Hac
1369 1670 1534 1712 autem
1576 1676 1724 1726 super

274 1761 328 1794 re
372 1760 470 1808 quo
516 1742 756 1791 efficacius
807 1749 986 1790 motam
1033 1742 1311 1790 dirimamus
1353 1739 1505 1798 litem,
1564 1733 1720 1803 quen-

276 1822 386 1870 dam
427 1820 675 1883 Euripidae
727 1818 903 1876 locum,
956 1833 1055 1882 quo
1101 1818 1220 1865 nihil
1263 1816 1485 1865 disertius
1527 1814 1724 1880 excogi-

327 1932 397 1972 -29.
427 1932 453 1950 “
471 1926 579 1965 Ῑόντε
599 1926 707 1964 duale
725 1926 787 1977 qui
805 1938 974 1975 compre-

276 1991 436 2030 hendere
445 1997 566 2040 potest
577 2004 695 2029 omnes
702 1991 789 2029 deos
798 1995 978 2042 quotquot

277 2058 317 2095 in
335 2057 452 2095 coelo?
482 2057 567 2095 Hoc
585 2062 622 2095 et
639 2058 732 2095 ratio
746 2062 783 2095 et
795 2057 874 2107 ipse
887 2070 976 2095 usus

279 2121 461 2171 prohibet.
521 2121 689 2172 Corrigo,
726 2119 798 2168 Μή
835 2119 872 2158 νύ
913 2138 975 2159 τοι

278 2188 324 2223 οὗ
346 2187 600 2239 χραίσμωσιν,
630 2186 715 2224 ὅσοι
734 2184 812 2225 θεοῖ
845 2187 913 2224 εἷσ“
937 2186 977 2224 ἐν

531 2249 687 2287 'Accone
734 2249 975 2296 ἼΟΝΤΕΣ,

272 2312 382 2351 ‘'OT'
410 2312 506 2351 ἈΝ
539 2330 600 2351 τοι
637 2313 808 2352 ἀάπτους
844 2319 976 2369 χεῖρας

281 2378 406 2426 ἐφείω.
436 2375 494 2414 ὅτ’
515 2375 559 2414 ἂν
586 2377 623 2413 id
641 2377 764 2427 ipsum
781 2383 851 2424 est,
880 2377 978 2427 quod

281 2440 350 2479 ὅτε
380 2457 452 2478 κεν.
481 2439 639 2478 ‘'Aeo-ov
667 2441 788 2479 ἰὀντες
825 2452 978 2478 numero

281 2503 431 2554 plurali,
478 2503 638 2540 cominus
673 2509 893 2554 pugnantes,
938 2508 981 2542 ut

283 2567 327 2605 11.
350 2567 401 2615 O,
434 2570 520 2605 105.
552 2567 614 2604 ubi
632 2567 730 2606 Juno
754 2568 837 2618 ipsa
864 2567 979 2619 loqui-

282 2636 355 2678 tur,
386 2629 541 2678 Νήπιοι,
572 2633 609 2668 οἳ
637 2631 723 2678 Ζηνὶ
749 2633 980 2679 μενεαίνεμεν

283 2693 538 2750 α’φραδέοιιτες
564 2696 648 2746 (sic)
668 2695 745 2734 '‘He
769 2713 806 2734 τι
834 2696 893 2745 μιν
917 2695 981 2744 με’-

278 2248 472 2302 Ὀλύμπῳ,

283 2776 403 2810 μαμεν
413 2760 703 2810 καταπαυσέμεν
713 2760 838 2800 ἆσσον
845 2764 979 2811 ἰὀντες,

279 2818 336 2864 ’ῚῘ
361 2824 462 2866 reim
482 2823 524 2872 ἦε
542 2824 624 2881 βίῃ·
655 2825 831 2866 Ceterum
847 2826 983 2866 Eusta-

1030 1925 1132 1964 thius
1164 1926 1212 1964 ad
1236 1925 1376 1974 locum,
1411 1925 1468 1977 [p.
1490 1929 1578 1963 113.
1606 1925 1632 1963 l.
1654 1929 1722 1971 39,

1031 1996 1068 2029 et
1095 1994 1160 2028 41.
1207 1991 1264 2029 ed.
1303 1990 1409 2044 Bas.]
1456 1990 1726 2045 Ἀρίσταρχος

1030 2056 1216 2095 ‹idn-roue-
1244 2055 1530 2110 Ἀριστοφάνης
1547 2055 1727 2096 α’ἐπτονς.

1033 2123 1088 2160 At
1134 2121 1360 2160 scholiastes
1412 2120 1500 2159 MS.
1557 2119 1726 2173 [Lips.]

1031 2187 1216 2226 ἀάπτους·
1285 2188 1324 2223 αἱ
1378 2185 1500 2223 πᾶσαι
1559 2183 1727 2224 ‹ier-rous·

1031 2251 1180 2306 ἔχουσι.
1209 2250 1270 2290 Sic
1291 2250 1520 2302 Hesychius,
1531 2249 1727 2299 ''Aeon-ov,

1031 2315 1205 2371 ἰσχυρὸν,
1225 2315 1414 2360 ἀνίκητον.
1445 2314 1545 2365 Ergo
1562 2313 1625 2351 ubi
1643 2313 1727 2364 plus

1030 2380 1151 2418 decies
1170 2379 1284 2426 venit,
1313 2378 1460 2418 αόίπτοι
1490 2381 1628 2433 χεῖρες,
1657 2390 1730 2417 cae-

1031 2453 1120 2485 terae
1150 2446 1328 2484 editiones
1356 2446 1546 2484 habebant
1573 2444 1726 2484 ἀέπτοι·

1033 2511 1111 2549 fieri
1142 2517 1277 2561 potest,
1319 2517 1361 2550 ut
1392 2517 1590 2562 utrumque
1625 2523 1729 2549 men-

1033 2575 1167 2612 dosum
1186 2575 1266 2613 sit.'’
1294 2575 1341 2612 R.
1357 2575 1402 2612 B.
1431 2573 1638 2622 Perpendet
1651 2574 1729 2612 ani-

1034 2651 1141 2683 mus;
1170 2638 1314 2676 facilius
1344 2642 1401 2676 est
1430 2636 1499 2675 ὅτε
1529 2635 1588 2674 κέν
1607 2654 1670 2676 τοι
1689 2637 1728 2675 in

1034 2701 1094 2740 ὅτ’
1112 2702 1158 2741 ἄν
1177 2717 1253 2741 τοι·
1292 2715 1406 2754 quam
1435 2700 1495 2739 ὅτ’
1526 2700 1572 2740 ἅν
1602 2719 1663 2740 τοι
1684 2701 1727 2742 jn

1035 2763 1104 2803 ὅτε
1144 2766 1205 2804 κέν
1236 2782 1296 2804 τοι
1328 2777 1544 2816 recoquere:
1584 2764 1646 2803 sed
1683 2764 1731 2802 de·

1036 2829 1109 2868 hoc
1126 2829 1230 2869 alias.
