1864 3132
647 543 933 612 *Sac‘lu
1007 540 1140 646 ΠΙ.
1650 536 1715 596 69

806 736 1002 762 ...4-

198 884 320 936 Vera
356 878 593 931 ser-monis
633 877 798 927 Graeci
829 874 1123 925 enunciatio.
1196 871 1503 921 Futurorum
1535 864 1620 919 Atss

256 961 467 1010 ticoram
499 956 562 1006 ab
599 955 777 1004 Ionicis
809 952 1116 1002 variantium
1151 949 1391 1014 analogia
1429 956 1475 997 et
1509 965 1622 997 con-

257 1035 438 1085 silium.
509 1023 755 1080 Diversus
788 1029 1051 1078 Modorum
1085 1025 1386 1090 subJ’unctivi
1414 1032 1461 1073 et
1489 1031 1625 1093 opta·

257 1112 348 1161 tivi
374 1107 511 1160 usus,
582 1106 798 1157 Errores
820 1124 851 1155 a
877 1119 1065 1168 nupero
1096 1102 1392 1152 Callimachi
1413 1101 1646 1150 editores

207 1195 211 1197 ’
260 1188 315 1238 in
358 1185 599 1255 syllabica
646 1183 962 1250 quar-undam
1003 1197 1180 1230 vocum
1226 1179 1502 1246 quantitate
1539 1177 1626 1226 ad—

260 1263 414 1314 missi.
483 1261 867 1315 Emendationes
895 1256 950 1306 in
989 1255 1381 1323 Callimachum.⁴

202 1418 631 1495 ARGUMENTUM,
652 1437 705 1486 in
728 1453 825 1502 quo
846 1436 1129 1484 illustrando
1151 1450 1314 1482 sumus
1330 1433 1580 1491 versaturi,
1603 1448 1634 1480 a

200 1516 303 1577 viro
325 1516 514 1565 erudito
527 1515 632 1581 jam
655 1521 803 1562 antea
822 1519 1082 1561 tractatum
1105 1512 1336 1569 videmus,
1371 1511 1454 1576 qui
1477 1511 1634 1559 novis·
1696 1532 1706 1538 *κ

200 1594 370 1643 simam
402 1581 686 1641 Callimachi
720 1590 979 1638 editionem
1011 1587 1298 1652 procuravit.
1369 1587 1417 1634 Is
1450 1587 1639 1650 utique,

202 1671 292 1721 viri
331 1686 443 1718 cum
480 1668 732 1734 nobilitate
768 1674 870 1715 tum
910 1666 1181 1714 eruditione
1218 1664 1490 1729 praestantis
1524 1665 1637 1712 hor-

203 1752 308 1794 tatu
316 1746 349 1803 ²,
375 1746 435 1793 de
453 1745 645 1811 Graecae
662 1743 845 1809 linguae
864 1741 1284 1806 pronunciatione,
1309 1740 1638 1787 secundumne

204 1821 527 1885 quantitatem
557 1819 833 1885 syllabicam
866 1835 929 1883 an
960 1824 1249 1879 accentuum
1279 1815 1516 1863 rationem
1541 1830 1640 1861 me·

203 1891 296 1946 Iius
318 1897 567 1961 procedat,
591 1886 921 1944 disserendum
941 1893 1133 1958 quidem
1158 1893 1207 1940 in
1230 1908 1283 1939 se
1306 1890 1520 1954 recepit;
1558 1890 1642 1937 sed

208 1991 263 2023 re
287 1981 451 2023 tamen
473 1990 590 2023 vera
612 1989 711 2021 non
734 1979 833 2020 tam
862 1970 1099 2035 disseruit,
1139 1985 1283 2033 quam
1314 1967 1597 2016 declamavit
1607 1966 1640 2015 ⁵³.

208 2042 323 2100 Nec
365 2066 482 2099 vero
527 2050 578 2098 in
622 2050 714 2097 hac
760 2047 938 2112 Sparta
983 2046 1264 2094 adornanda
1309 2044 1383 2092 vir
1428 2043 1645 2104 eruditus

210 2142 365 2192 usque
404 2117 527 2174 adeo
563 2125 756 2188 felicem
789 2114 995 2188 'operam
1034 2123 1300 2180 collocavit,
1348 2121 1465 2186 quin
1504 2119 1645 2168 nobis

210 2201 357 2266 etiam
381 2201 630 2270 nonnulla,
661 2207 808 2266 atque
830 2216 890 2248 ea
911 2199 1126 2248 fortassis
1149 2199 1411 2263 praecipua,
1438 2196 1644 2259 relique·
1698 2256 1701 2259 Ι

209 2275 275 2324 rit
296 2276 591 2338 occupanda.
663 2269 774 2335 Quo
806 2275 1013 2322 alacrius
1043 2281 1204 2323 autem
1236 2272 1500 2339 symbolam
1528 2287 1646 2335 qua-

209 2352 502 2414 lemcunque
540 2357 752 2398 nostram
789 2351 1111 2408 conferamus,
1156 2351 1274 2398 facit
1317 2366 1426 2397 cum
1473 2349 1646 2399 summi

211 2429 339 2477 illius
373 2427 657 2476 Nobilitatis
692 2427 979 2492 Anglicanae
1014 2428 1215 2486 decoris,
1257 2442 1368 2490 quae
1400 2426 1530 2490 apud
1557 2441 1645 2472 nos

215 2509 382 2556 eadem
408 2503 551 2553 hodie
574 2511 648 2553 est
671 2521 781 2569 quae
805 2513 854 2554 et
875 2506 981 2554 heri
1003 2505 1110 2563 fuit,
1136 2505 1268 2568 apud
1290 2504 1408 2552 alios
1432 2505 1460 2534 *
1474 2509 1646 2551 utcun-
1685 2515 1749 2568 70

273 2663 309 2696 1.
339 2657 476 2696 Thomu
494 2656 661 2695 Bentleio
679 2645 909 2696 Praestantis-
962 2663 1086 2696 mata.-
1110 2663 1180 2695 etc.
1212 2661 1266 2698 8⁰.
1287 2656 1454 2694 Londini.
1476 2657 1613 2699 1741?

219 2723 304 2761 simi
355 2723 574 2761 Bmwrzssn
632 2721 754 2760 fratris
807 2722 907 2769 fi1i03
1015 2728 1053 2762 2.
1081 2723 1223 2760 Pam.
1241 2721 1287 2759 ad
1310 2721 1463 2759 Call'un.
1483 2721 1527 2760 P.
1547 2720 1596 2756 vi,

217 2793 241 2811 ‘⁴
262 2786 472 2825 Callimachi
505 2785 624 2835 hymni
657 2791 694 2824 et
728 2787 908 2837 epigram·
1015 2792 1054 2840 3..
1082 2787 1213 2826 Cicero
1215 2813 1344 2826 .....
