1864 3132
865 233 930 280 51

254 330 384 393 Quoi
406 333 530 382 daho
554 331 769 397 lepidum
791 349 973 382 novum
995 334 1214 403 libellum
1230 351 1246 381 .·
1270 326 1273 328 ’

179 430 400 480 ultimum
422 439 583 490 autem
607 432 743 480 istius
766 431 967 480 similem
991 433 1136 496 [Hor.
1155 433 1316 481 Carm.
1342 431 1380 480 Ι.
1407 447 1478 490 1v,
1503 431 1588 495 2.],

253 529 582 596 Trahuntque
604 530 764 579 siccas
784 529 1028 579 machinae
1052 532 1255 579 carinas
1275 549 1290 578 .·

181 643 291 675 cum
337 634 500 676 tamen
546 644 731 686 eorum,
788 635 936 692 prout
992 629 1135 676 hodie
1181 634 1609 692 repraesentantur,

178 701 339 748 nullus
361 702 412 749 in
445 703 711 766 quamlibet
746 704 887 752 metri
920 705 1133 768 speciem
1169 706 1322 752 cadat.
1383 704 1613 768 Denique

178 778 565 842 quotiescunque
610 780 824 828 occurrit
878 787 1157 845 portentum
1203 781 1489 840 Phalaecus,
1545 782 1614 830 lo-

179 855 345 919 quitur
390 856 573 920 ubique
619 857 952 909 Terentianus
996 875 1095 907 non
1143 859 1249 925 jam
1307 860 1367 906 de
1419 860 1615 924 integro

177 932 430 995 phalaecio,
455 935 539 981 sed
562 935 623 982 de
646 941 801 983 metro
824 951 886 983 ex
915 935 1069 984 tribus
1093 935 1318 984 trochaeis
1342 941 1612 992 constante,

180 1012 312 1074 quod
335 1012 725 1079 hendecasyllabi
748 1014 981 1064 Phalaecii
1014 1022 1204 1079 partem
1240 1016 1475 1065 duntaxat
1498 1031 1614 1063 con-

176 1089 344 1137 stituit.
414 1089 525 1138 Hoc
558 1097 721 1139 autem
760 1092 902 1140 metri
935 1109 1093 1159 genus
1127 1109 1377 1157 nunquam
1414 1091 1615 1140 Phalce-

176 1163 324 1222 cium,
348 1165 526 1212 nedum
550 1165 846 1216 Phalaecum
866 1169 1163 1233 appellatum
1186 1176 1272 1218 est.
1333 1170 1419 1218 Sat
1441 1170 1617 1234 opinor

167 1239 273 1305 jam
299 1241 479 1289 dictum
504 1248 577 1290 est
599 1244 730 1291 unde
753 1251 976 1293 constare
998 1247 1149 1310 possit
1164 1262 1331 1295 versus
1355 1247 1415 1294 de
1439 1246 1615 1309 quibus

174 1315 340 1380 agitur
377 1315 566 1363 medica
603 1333 750 1366 manu
787 1319 1023 1385 indigere.
1099 1324 1129 1353 ²⁸¹²
1145 1319 1298 1369 Nunc
1319 1319 1409 1368 tibi
1433 1318 1613 1365 nullam

177 1391 368 1439 haerere
390 1407 568 1455 aquam
590 1394 733 1441 velim
758 1396 876 1457 quin
899 1396 1299 1460 simplicissimam
1323 1396 1612 1444 medicinam

176 1466 423 1525 adhibeas,
446 1469 667 1531 adeoque
689 1475 889 1519 securus
911 1473 1110 1520 omnino
1132 1473 1396 1521 rescribas:

242 1559 286 1615 “1.
341 1565 436 1614 Cui
457 1583 634 1615 nomen
657 1584 846 1634 quoque
868 1570 1076 1633 phallico
1099 1572 1340 1620 dederunt
1354 1588 1371 1618 .·

243 1652 285 1689 2.
339 1640 611 1706 ConJungit
630 1643 726 1691 sibi
746 1645 978 1708 phallicos
1000 1647 1237 1695 trochaeos
1252 1665 1268 1694 .·

242 1728 284 1765 3.
332 1716 459 1765 Post
479 1718 569 1766 hoc
591 1720 802 1783 phallica
823 1722 883 1770 de
905 1722 1064 1771 tribus
1087 1723 1313 1780 trochaeis
1331 1741 1348 1771 :

241 1806 283 1844 4.
331 1794 391 1843 In
397 1797 510 1860 fine
533 1812 730 1846 versum
751 1799 968 1863 phallicis
992 1808 1262 1851 sonantem.

175 1892 418 1958 Aristoph.
443 1895 661 1945 Acharn.
686 1905 786 1947 260.

244 1987 354 2044 ΕὙω
375 1981 399 2030 δ
423 1989 668 2034 ακολουθων
691 2008 855 2048 ᾳσομαι
879 2011 937 2036 το
959 2001 1253 2040 ΦΑΛΛΙΚΟΝ
1264 1990 1303 2016 3⁵

176 2081 323 2130 Vides
370 2083 476 2148 jam
522 2100 621 2133 uno
668 2087 868 2150 negotio
914 2094 1124 2150 quatuor
1167 2105 1334 2137 versus
1382 2095 1610 2153 portento

175 2161 316 2209 simul
337 2162 566 2210 liberatos
587 2178 646 2209 ac
678 2163 891 2210 numeris
927 2164 1023 2211 suis
1058 2164 1317 2213 restitutos
1389 2164 1608 2215 Metrum

175 2246 338 2286 autem
370 2241 430 2287 de
467 2256 564 2303 quo
599 2241 781 2304 ubique
816 2242 919 2307 agit
953 2243 1300 2302 Terentianus,
1338 2251 1508 2308 utpote
1547 2260 1610 2292 ex

176 2319 330 2366 tribus
374 2320 445 2366 uti
496 2320 701 2368 diximus
757 2322 982 2370 trochaeis
1040 2330 1282 2380 constans,
1330 2321 1609 2385 phallicum

176 2401 310 2443 recte
347 2393 578 2458 appellari
617 2395 774 2457 palam
814 2404 888 2444 est
926 2413 988 2445 ex
1025 2398 1082 2444 iis
1123 2413 1233 2460 quae
1276 2399 1409 2461 apud
1452 2397 1607 2470 ipsum

174 2471 406 2536 leguntur
439 2486 550 2534 pag.
574 2477 645 2523 69.
681 2471 737 2534 [l.
762 2472 875 2534 25.].

230 2629 296 2663 35.
339 2625 438 2662 Vide
474 2623 651 2673 Scaligeri
686 2625 786 2674 App.
819 2623 868 2662 ad
920 2626 1029 2680 ὀρθός
1073 2625 1327 2679 ἐσφυρωμὲνος
1372 2627 1454 2664 Διά
1493 2625 1609 2673 μέσον

177 2688 285 2738 Virg.
325 2702 360 2738 p.
379 2692 457 2726 483
480 2704 522 2723 =
548 2691 647 2742 219..
677 2687 867 2736 ’And-yev’,
919 2689 1099 2744 βαδίζειν.
1145 2691 1344 2742 Tyrwhitt.
1376 2691 1425 2741 ad
1456 2691 1609 2728 Aristot.

175 2752 353 2800 ἀνάγετε,
392 2754 513 2801 κῶμον
545 2751 772 2807 εὐρυχωρίαν
803 2754 868 2806 Τῷ
922 2752 1024 2790 Poet.
1046 2764 1112 2800 IX,
1153 2766 1187 2802 p.
1215 2752 1299 2792 126.
1344 2754 1399 2791 ed.
1419 2758 1455 2792 3.
1499 2754 1546 2790 R.
1567 2753 1609 2790 P.

176 2817 250 2869 θεῷ
266 2821 423 2856 ποιεῖτε·
463 2816 605 2858 Έθὲλει
631 2816 707 2869 γάρ
733 2818 758 2855 ὁ
785 2818 868 2857 θεός·
922 2817 1098 2856 Adverss.
1127 2830 1187 2867 pp.
1211 2822 1297 2864 140,
1326 2823 1363 2856 et
1385 2815 1449 2855 60.

1252 2893 1268 2918 1

1651 1330 1711 1370 25
