1786 3178
217 276 295 324 xvi
785 295 1070 328 PRAEFA'rlo.

217 389 392 430 cuncta
414 386 710 446 penetrantis
747 402 837 449 per
871 387 1045 437 omnes'
1071 389 1301 454 loquendi
1334 391 1512 440 formas
1545 411 1653 457 per-

217 474 416 526 mearet,
475 470 614 517 Illum
672 472 974 522 firmamenta
1026 476 1261 541 cujusque
1317 480 1549 527 sermonis
1602 481 1652 528 in

212 554 505 616 primaevam,
554 564 607 604 ut
653 565 843 617 vocant,
889 560 1106 627 linguam
1151 564 1391 612 resolvere
1436 567 1651 628 potuisse

213 640 328 687 mihi
370 642 526 688 saltim
556 644 816 706 ⁴probabile
861 645 929 693 fit.
1011 646 1187 697 Verum
1226 649 1350 697 haut
1379 651 1542 716 facile
1578 660 1651 701 est

209 734 256 776 te
288 728 458 782 venire
492 729 593 787 illo,
633 730 720 779 ubi
753 731 850 780 sita
893 739 965 780 est
998 733 1242 796 sapientia
1259 756 1279 790 ;
1323 735 1548 798 Spissum
1577 746 1649 787 est

206 814 316 872 iter,
357 815 518 878 apisci
554 816 680 866 haut
710 819 874 881 possis
911 820 1013 869 nisi
1050 837 1163 868 cum
1196 838 1386 885 magna
1424 824 1644 872 miseria.

206 902 393 951 Danais
417 912 738 954 consonantes
774 923 955 955 severae
989 909 1116 956 limae
1152 909 1319 958 labore
1339 911 1462 958 adeo
1485 928 1646 960 corra-

130 1015 132 1018 >
205 990 321 1039 dere
343 991 543 1040 solenne
566 992 672 1051 fuit,
710 1009 808 1057 quo
836 994 1046 1043 nativam
1072 996 1316 1058 quandam
1340 996 1645 1045 dulcedinem

202 1079 300 1126 suis
324 1080 568 1128 vocabulis
603 1082 879 1140 concilient,
922 1089 976 1130 ut
1012 1083 1175 1131 Attica
1213 1083 1407 1148 loquela
1447 1084 1644 1149 quibus·

200 1165 309 1212 dam
351 1172 582 1229 tanquam
618 1172 700 1216 ΑΥ
705 1173 965 1217 ΤΟΧΘΩΝ
1002 1169 1236 1217 videatur.
1307 1170 1416 1218 Hoc
1461 1171 1638 1234 posito,

200 1250 480 1315 quicunque
526 1254 740 1320 orig-ines
787 1270 849 1303 ex
901 1255 1280 1318 profundissimo
1325 1257 1641 1305 dialectorum

199 1335 307 1383 sinu
353 1353 525 1386 eruere
569 1345 718 1403 atque
763 1340 811 1387 in
857 1340 1014 1389 lucem
1056 1342 1305 1390 retrahere
1341 1343 1527 1401 nititur,
1573 1343 1640 1391 illi

199 1431 363 1474 metuo
388 1443 451 1475 ne
486 1428 645 1483 desint
677 1429 906 1491 subsidia,
947 1446 1058 1495 quae
1098 1447 1159 1479 ex
1194 1448 1328 1480 mero
1363 1433 1638 1498 augurandi

198 1512 417 1561 artificio·
450 1531 701 1580 nunquam
748 1517 1214 1580 depromet—Huic
1256 1518 1394 1565 alteri
1437 1517 1636 1565 editioni

198 1601 558 1653 Sanctamandi
580 1606 941 1654 observationes
963 1607 1015 1652 in
1033 1605 1286 1653 Comicum
1311 1606 1482 1662 debeo,
1507 1611 1556 1652 et
1579 1605 1636 1652 iis

194 1691 425 1755 quasdam
483 1690 716 1751 Matthaei
758 1692 949 1756 Raperi
998 1693 1264 1756 exemplari
1311 1693 1635 1756 suppeditatas

193 1796 293 1828 non
334 1796 531 1844 prorsus
572 1788 755 1835 temere
798 1782 1078 1845 interposui.
1159 1782 1237 1830 Ex
1281 1783 1450 1829 eodem
1497 1782 1633 1830 fonte

193 1866 505 1915 memm
554 1872 651 1914 tam
694 1867 994 1914 humanitate
1035 1866 1184 1914 animi
1224 1882 1368 1931 quam
1405 1867 1633 1916 comitate

193 1969 379 2002 morum
404 1955 586 2002 nemini
609 1955 825 2012 secundi,
845 1970 1036 2002 necnon
1059 1955 1302 2019 exquisita
1325 1962 1375 2003 et
1397 1956 1630 2023 singulari

193 2041 464 2089 eruditione
487 2041 615 2088 inter
638 2057 738 2088 suae
759 2041 914 2088 aetatis
938 2041 1179 2106 ingenuos
1203 2041 1343 2089 facile
1380 2043 1630 2108 principis,

190 2129 492 2178 schediasma
514 2131 576 2177 ad
600 2129 879 2178 Dawesium
903 2130 1055 2176 hausi.
1109 2129 1253 2189 Quod
1275 2130 1628 2178 dedicationem

190 2216 303 2264 huic
327 2216 444 2265 Viro
475 2217 537 2264 ab
573 2217 728 2264 amico
764 2231 854 2263 suo
884 2215 1131 2278 praefixam
1170 2217 1453 2264 servandam
1489 2232 1628 2263 cura-

190 2302 358 2360 verim,
382 2296 536 2350 totum
556 2303 664 2360 hoc,
688 2302 840 2350 lector
857 2301 1087 2366 benigne,
1106 2308 1220 2364 peto
1235 2306 1382 2366 atque
1400 2301 1628 2367 efflagito,

190 2398 245 2440 ut
267 2407 366 2440 non
390 2393 533 2440 modo
556 2392 713 2439 inanis
735 2391 904 2457 gloriae
927 2391 1150 2453 aucupio,
1180 2406 1347 2438 verum
1372 2391 1517 2437 etiam
1541 2391 1627 2438 obv

190 2481 445 2531 servantiae
467 2480 919 2544 benevolentiaeque
943 2485 1198 2542 acceptum
1224 2479 1406 2526 referre
1429 2479 1559 2527 velis.

255 2569 314 2618 In
344 2570 438 2618 hoc
466 2554 710 2618 volumine
745 2584 929 2616 merces
968 2567 1203 2631 pretiosas
1240 2568 1504 2625 Bam-mu,
1541 2567 1623 2631 qui
1675 2572 1678 2581 '

187 2670 425 2703 summum
463 2655 668 2702 Critices
713 2654 1038 2717 principatum
1085 2659 1235 2710 tenet,
1283 2654 1332 2700 in
1379 2653 1496 2700 meis
1540 2653 1624 2700 ad-

187 2740 528 2790 notatiunculis
569 2756 667 2788 non
703 2755 814 2787 raro
849 2739 1078 2802 reperies.
1145 2738 1413 2786 Inimicitiis
1441 2738 1621 2784 dudum

186 2827 378 2875 silentio
400 2826 601 2890 sepultis
621 2824 882 2874 Dawesius
901 2841 998 2872 non
1024 2825 1257 2883 convitiis,
1278 2825 1362 2872 sed
1380 2821 1619 2893 rationum

187 2912 469 2970 momentis;
505 2927 673 2959 verum
706 2927 805 2959 non
839 2911 1081 2969 vincendi,
1120 2912 1206 2959 sed
1235 2908 1510 2959 inveniendi
1533 2922 1617 2973 po·
