1864 3132
918 195 1020 244 566

255 298 382 346 intra
399 298 584 348 versum
613 309 800 350 sextum
815 304 943 367 [503,
962 304 1016 367 4]
1034 305 1234 354 totidem
1245 305 1395 355 verba
1406 310 1689 355 recurrunt:

838 418 972 427 ——
994 401 1157 451 ΤΑΥΘ,
1195 403 1380 452 οΡΑΙΣ,

559 473 827 513 οΥΠΩΠοΤ
862 477 1032 515 ΕΙΠΕΝ

258 549 531 598 Gemellum
577 552 713 600 verbi
758 553 858 618 ὁρας
905 570 1043 603 usum
1096 556 1224 604 infra
1271 558 1415 606 etiam
1461 557 1726 607 habemus'

258 627 316 674 V.
343 635 442 676 563.

119 724 216 777 327
326 720 541 792 *Επεςτα
576 722 834 782 7=0YK²⁸⁴
869 732 1054 783 EIPHX,
1102 734 1288 783 οΡΑΙΣ,
1325 725 1377 777 ὠς
1411 723 1698 789 arxe-wasone

458 799 700 857 λαβουσαι.

257 883 342 933 Ne
383 901 526 950 quem
567 893 729 935 autem
770 884 998 947 offendat,
1042 891 1173 954 quod
1216 890 1346 938 intra
1381 897 1479 938 tam
1513 907 1695 956 paucos

258 977 424 1009 versus
469 964 635 1011 eadem
678 964 856 1012 locutio
901 965 973 1013 bis
1016 967 1269 1025 habeatur,
1316 969 1583 1016 notandum
1627 975 1702 1017 est

256 1037 456 1086 alteram
482 1040 697 1105 ejusdem
721 1041 911 1088 virtutis
940 1043 1154 1106 phrasin,
1192 1067 1269 1092 ουκ
1294 1067 1433 1109 ειρηκε
1457 1067 1541 1105 πω,
1572 1020 1704 1094 intra

257 1122 483 1178 quartum
507 1116 671 1164 itidem
696 1134 888 1166 versum
911 1119 985 1166 bis
1016 1120 1231 1184 reperiri.

283 1201 342 1249 V.
366 1212 466 1249 502.
526 1207 571 1249 Ῑν
594 1209 934 1270 οσφραινομενος
959 1227 1065 1269 ανηρ
1087 1226 1178 1252 awo
1202 1226 1284 1252 του
1293 1226 1482 1276 τειχους
1506 1202 1675 1266 εισιων]

258 1296 290 1316 “
313 1291 493 1339 Versus
518 1293 596 1339 hie
623 1293 878 1349 manifesto
913 1294 965 1341 in
999 1294 1159 1359 legem
1195 1294 1336 1341 metri
1374 1298 1564 1358 peccat,
1592 1309 1704 1353 'non

257 1373 291 1392 “
315 1368 483 1415 solum*
517 1369 632 1431 quia
677 1370 727 1416 in
776 1371 890 1417 sede
925 1372 1141 1418 secunda
1180 1378 1254 1418 est
1295 1371 1529 1437 dactylus,
1571 1359 1705 1436 quod
1779 1361 1786 1369 ”
1855 1356 1864 1391 ⁴.

259 1449 291 1467 ‘⁶
315 1444 833 1511 Iambicusssnunquam
855 1446 1096 1504 admittit;
1135 1448 1219 1494 sed
1249 1448 1393 1496 etiam
1427 1449 1542 1513 quia
1570 1451 1705 1512 quae-
1753 1488 1756 1490 .

260 1524 293 1543 “
317 1520 425 1567 dam
452 1521 740 1568 redundant.
813 1522 977 1582 Quare
1009 1523 1193 1571 nullum
1226 1524 1342 1571 mihi
1377 1524 1578 1572 dubium
1607 1527 1704 1580 est,

260 1601 293 1621 “
315 1596 432 1660 quin
474 1614 563 1661 pro
607 1585 947 1663 οσφραιὺομενος
993 1600 1137 1648 scribi
1183 1601 1361 1648 debeat
1404 1607 1706 1666 οσφρομενοςς

260 1678 292 1698 “
316 1689 413 1734 non
437 1674 589 1722 solum
616 1675 730 1739 quia
755 1676 846 1723 hac
882 1676 1069 1724 ratione
1107 1683 1260 1724 metro
1297 1677 1578 1725 consuletur
1614 1675 1706 1740 (sic

243 1756 294 1798 Κ(
317 1751 445 1799 enim
482 1753 531 1800 in
574 1754 687 1801 sede
728 1742 942 1801 secunda
979 1754 1449 1802 Proceleusmaticus
1486 1754 1579 1802 erit
1615 1768 1706 1818 pro

261 1829 294 1849 “
317 1825 596 1890 Anapaesto,
623 1829 751 1893 quod
774 1846 805 1876 a
829 1836 982 1878 metro
1002 1831 1216 1878 Iambioo
1233 1846 1331 1878 non
1350 1830 1602 1891 abhorret)
1620 1829 1705 1878 sed

263 1907 295 1925 “
319 1903 463 1951 etiam
511 1906 625 1968 quia
670 1914 892 1972 οσφρομαι
949 1909 1103 1974 magis
1157 1909 1369 1956 Atticum
1430 1915 1502 1954 est
1559 1922 1703 1971 quam

263 1983 294 2002 ‘⁶
318 1985 642 2045 οσφραινομαιῑ
707 1990 759 2030 ut
809 1985 1034 2032 observat
1091 1984 1309 2031 Thomas
1355 1982 1599 2048 Magister
1621 1982 1702 2030 'V.

265 2063 296 2082 ‘⁶
320 2063 565 2122 Οσφρομαι
586 2055 807 2124 [p1660],
829 2077 973 2123 quem
992 2062 1149 2109 vide.’'
1172 2059 1437 2108 Kasterus.
1458 2059 1703 2108 Thomam

264 2131 557 2196 Magistrum
582 2135 796 2192 audiant,
818 2136 994 2198 quibus
1019 2136 1171 2183 visum
1197 2135 1358 2183 fuerit.
1397 2134 1550 2197 *Nam
1575 2134 1707 2181 nuda

261 2207 389 2254 illius
413 2208 463 2255 in
488 2210 579 2256 hac
605 2226 658 2257 re
682 2212 960 2270 auctoritas,
1003 2229 1111 2259 cum
1153 2213 1286 2276 apud
1310 2218 1477 2276 poetas
1501 2211 1704 2269 Atticos,

265 2290 506 2347 quotquot
546 2287 701 2334 hodie·
733 2295 916 2347 extant,
959 2291 1161 2337 verbum
1196 2296 1423 2355 οσφρομαι
1463 2305 1703 2353 nusquam

265 2363 565 2425 reperiatur;
603 2366 734 2428 apud
772 2382 848 2413 me
884 2366 1027 2430 plane
1052 2366 1183 2414 nulla
1207 2374 1293 2414 est.
1368 2366 1576 2432 Legitur
1599 2365 1704 2429 qui-

267 2440 375 2486 dem
396 2441 702 2505 participium
727 2450 997 2508 οσφρομενος
1018 2444 1164 2508 VeSp.
1193 2455 1290 2497 788.

418 2534 552 2591 Κᾳτα
585 2528 847 2597 βδελυχθεις
883 2543 1276 2582 ΟΣΦΡΟΜΕΝΟΣ
1309 2534 1546 2595 εξεπτυσα.
1599 2530 1605 2533 „

133 2633 230 2673 328
269 2618 474 2682 *Atque
499 2596 612 2665 hino
637 2620 811 2682 opinor
842 2621 889 2667 in
927 2620 1145 2668 fraudem
1187 2621 1411 2668 inductus
1452 2626 1524 2666 est
1558 2619 1703 2667 homo

267 2689 531 2758 imperitus.
624 2695 870 2744 Nimirum
930 2697 1057 2745 istud
1114 2697 1418 2762 participium
1463 2712 1560 2744 non
1595 2697 1701 2762 jam

304 2809 395 2842 284.
414 2810 435 2828 «ι
447 2804 528 2843 ἐπεὶ
540 2804 705 2859 τόδόῡχ
714 2806 888 2844 Κηειεν.”
907 2807 957 2845 R.
970 2809 1013 2846 P.
1033 2808 1129 2858 apud
1146 2807 1302 2846 P.P.D.
1321 2807 1399 2847 ἐπεὶ
1412 2807 1465 2844 τά
1477 2807 1511 2855 7‘
1525 2807 1589 2846 οὐκ
1602 2794 1702 2846 Rax'r.
