1864 3132
870 183 970 233 197

195 288 229 317 “
248 291 528 348 ostendunt,
583 304 676 354 pro
709 304 822 353 quo.
847 291 1024 339 Caesar
1049 291 1162 357 [C.]
1197 291 1326 340 hanc
1358 291 1567 358 figuram
1599 297 1631 342 :l

194 367 463 418 “scribere
482 365 811 430 „[scribi.MS.
850 366 1087 433 Cantab]
1126 369 1283 427 voluit
1297 369 1333 397 ¹⁴
1373 370 1440 434 [c.
1467 368 1630 432 545.]:

195 529 353 564 annotat
383 529 530 574 “super
558 524 657 563 hanc
686 536 819 567 vocem
847 523 897 567 in.

196 589 314 631 Msto
332 589 448 640 Regio
466 589 591 636 scribi,
615 589 722 640 quasi
738 601 827 627 cave
843 602 889 626 ne

196 654 292 693 eas?
342 659 366 678 “
382 654 421 691 V
449 653 668 693 Latinorum
693 654 777 692 olim
800 667 891 705 pro·

195 717 440 758 nunciabatur
473 725 516 758 ut
551 720 600 758 W
635 719 740 758 hodie
752 734 768 764 ,·
827 733 892 758 seu

198 781 411 836 Digamma
443 784 631 824 AEolicum
667 789 704 822 et
735 783 894 823 Latino·

197 861 280 886 rum
312 849 351 886 V
382 853 636 891 consonantem
667 862 797 888 sonare
829 862 894 888 no-

198 918 315 951 strum
347 914 410 954 W.
481 914 566 952 Hoc
602 915 798 954 ostendunt
831 929 897 955 no-

201 979 314 1026 mina,
341 992 420 1030 quae
437 993 514 1028 ποε,
541 980 606 1018 hoc
625 985 695 1028 est,
719 980 897 1020 Germani

200 1049 356 1092 veteres,
375 1090 377 1092 ¹
400 1058 424 1083 a
465 1044 616 1084 Latinis
655 1047 868 1097 sumpsimus
882 1061 896 1085 .·

203 1108 362 1156 Vinum,
390 1109 456 1148 hoc
475 1114 544 1157 est,
573 1101 740 1157 Winum,
763 1110 896 1156 Wine;

204 1172 379 1221 Vallum,
394 1174 574 1221 wallum,
592 1188 616 1214 a
629 1175 756 1222 Wall;
785 1175 898 1223 Volo,

207 1237 329 1286 Wolo,
360 1239 495 1286 1wi11;
535 1240 694 1288 Ventus,
727 1239 898 1286 Wentus,

206 1302 343 1350 Wind;
402 1304 547 1351 Vectis,
581 1304 713 1352 insula,
747 1304 900 1351 Wecfis,

208 1367 363 1418 wight;
406 1362 563 1417 vellus,
581 1370 736 1417 Wenus,
763 1370 900 1416 wool;

210 1432 349 1479 Vidua,
381 1433 530 1481 widua.‚
562 1435 744 1474 Widow.”
783 1435 832 1474 R.
852 1435 902 1474 Β.

211 1497 380 1548 Denique
402 1511 423 1536 e
445 1498 577 1538 litteris
596 1488 784 1538 R.⁷Galeo
806 1513 903 1539 anno

215 1563 330 1603 1735.
369 1560 480 1608 datis,
514 1575 597 1613 quae
631 1561 676 1600 T.
696 1562 905 1609 Blaclcwell,

211 1631 300 1664 tunc
338 1626 515 1676 temporis
552 1627 775 1666 Graecarum
809 1627 907 1666 litte-

211 1703 341 1729 rarum
402 1691 646 1741 Andraeapoli
704 1691 906 1738 Professor,

211 1755 334 1793 studio
359 1754 503 1793 visendi
528 1754 578 1793 R.
594 1755 642 1795 B.
669 1769 757 1793 cum
775 1756 907 1794 amicis

214 1818 498 1870 Cantabrigiam
516 1819 713 1869 profectus,
744 1827 906 1867 enarrat,

211 1897 280 1936 pro
297 1885 508 1924 testimonio
532 1898 693 1936 ponam3
722 1891 747 1910 “
765 1886 828 1924 He
852 1900 909 1924 re-

213 1949 340 1989 ceived
371 1963 415 1988 us
447 1962 535 2000 very
567 1950 795 2002 graciously,
836 1951 911 1989 and

213 2015 446 2054 entertained
461 2029 502 2054 us
519 2016 606 2054 with
630 2016 691 2054 the
711 2016 850 2055 service
866 2016 910 2054 Ite

215 2078 290 2117 had
305 2078 397 2116 done
415 2084 453 2117 to
472 2079 640 2131 learning
664 2080 707 2130 by
723 2079 912 2132 restoring

217 2143 278 2181 tlte
316 2143 437 2184 AEolic
471 2144 680 2195 digamma,
718 2145 833 2183 which
868 2146 912 2182 he

213 2208 452 2259 pronounced
475 2209 547 2247 lilce
563 2223 632 2248 our
650 2210 710 2248 W.
764 2210 829 2248 He
849 2223 914 2248 ac-

218 2272 452 2325 Irnowledged
467 2274 549 2312 that
571 2275 778 2326 Dionysius
803 2275 913 2314 Hali-

216 2351 450 2378 carnassaeus
477 2340 669 2388 explained
694 2340 754 2378 the
771 2340 912 2392 digam-

219 2417 279 2443 ma
305 2405 350 2455 by
373 2417 396 2442 α
423 2411 455 2457 φ
482 2404 520 2441 in
550 2403 686 2452 Greek,
720 2406 794 2444 and
819 2420 843 2444 a
870 2406 910 2444 V

218 2469 260 2508 in
275 2468 391 2507 Latin
404 2484 419 2513 ;
453 2470 551 2515 but,”
572 2483 656 2520 says
674 2470 734 2510 the
751 2471 814 2511 old
824 2485 914 2523 gen-

220 2535 369 2582 tleman,
394 2541 418 2559 “
432 2535 475 2573 Ite
492 2535 567 2573 and
582 2535 825 2575 Aristarchus
843 2536 919 2575 and

224 2597 440 2637 Demetrius
467 2611 560 2636 were
587 2598 641 2636 all
664 2599 810 2647 dunces,
844 2600 919 2638 aad

224 2660 326 2700 knew
357 2663 510 2715 nothing
545 2661 594 2714 of
625 2662 687 2701 the
721 2663 916 2716 digamma,

221 2726 339 2770 which
356 2728 384 2767 Ι
398 2729 488 2767 have
508 2728 674 2767 restored
695 2727 755 2767 the
779 2742 842 2767 nse
861 2728 916 2781 of,

225 2787 329 2840 qfter
341 2790 372 2829 it
387 2791 460 2830 had
470 2793 557 2830 been
570 2791 642 2830 lost
660 2795 767 2831 2000
775 2793 920 2842 years?

1016 531 1077 566 14.
1123 528 1221 567 hanc
1258 528 1418 580 figuram
1451 531 1484 570 τί
1524 527 1638 566 scribi

942 592 1085 632 voluit:
1118 593 1212 632 Cod.
1233 594 1533 633 MS.-scribere
1555 594 1640 632 edd.

943 663 981 696 ct
997 656 1179 709 Scaliger.
1220 665 1258 697 et
1282 672 1395 709 supra
1426 658 1540 709 paulo
1570 671 1639 708 pto

944 722 1115 770 inditum,
1144 723 1210 761 hoc
1230 724 1341 761 datur
1365 725 1447 774 edd,
1465 730 1503 763 et
1521 723 1643 762 Scali-

942 800 1028 839 ger.
1098 787 1253 826 Tacitus
1289 789 1430 827 Annal.
1466 802 1531 836 XI,
1550 781 1642 827 dciv.

946 851 1082 890 Novas
1107 851 1300 892 literarum
1318 854 1472 893 *formas
1481 851 1646 911 ‚addidit

949 916 1218 969 vulgavitque;
1252 926 1443 970 comperto
1463 921 1645 959 Graecam

951 994 1094 1032 quoque
1139 981 1371 1021 literaturam
1413 997 1486 1021 non
1528 982 1647 1022 semel

951 1052 1114 1096 coeptam
1129 1047 1476 1098 absolutamque.—-
1482 1046 1569 1092 Quo
1582 1059 1649 1085 ex-

951 1111 1077 1161 emplo
1106 1112 1287 1151 Claudius
1317 1119 1392 1150 tres
1426 1112 1552 1151 literas
1583 1113 1650 1151 ad-

945 1177 1051 1228 jecit,
1084 1190 1168 1228 quae
1198 1177 1292 1224 usui,
1324 1177 1560 1227 imperitante
1591 1187 1648 1224 θος

953 1248 1038 1293 post
1051 1242 1271 1289 obliteratae,
1290 1243 1519 1292 aspiciuntur
1533 1242 1649 1280 etiam

954 1320 1051 1349 nunc
1075 1307 1113 1345 in
1138 1320 1211 1345 aere
1229 1306 1460 1357 publicandis
1483 1304 1652 1356 plebisci-

953 1374 1003 1413 tis
1017 1387 1082 1425 per
1098 1374 1179 1412 fora
1192 1386 1238 1412 ac
1251 1373 1394 1423 templa
1409 1373 1510 1410 fixae.
1540 1366 1651 1410 Co'ns.

955 1438 1247 1476 eruditissimum
1273 1436 1431 1475 Brotier.
1450 1434 1541 1473 adl.
1584 1433 1653 1470 Ve-

956 1501 1027 1540 lius
1046 1501 1199 1552 Longus
1217 1514 1252 1550 p.
1268 1504 1386 1539 2235.
1414 1505 1438 1523 “
1455 1500 1516 1539 Ti.
1537 1498 1654 1536 Clau-

958 1566 1040 1604 dius
1084 1578 1224 1602 novam
1269 1564 1459 1614 quandam
1504 1562 1652 1600 literam

959 1629 1189 1681 excogitavit
1214 1629 1274 1678 (d)
1302 1627 1464 1665 similem
1491 1626 1524 1664 ei
1554 1631 1654 1663 notae

961 1705 1075 1744 quam
1103 1704 1170 1742 pro
1197 1691 1421 1741 aspiratione
1444 1689 1572 1728 Graeci
1590 1701 1655 1739 po-

961 1758 1086 1796 nunt?
1115 1756 1310 1795 Suetonius
1325 1756 1366 1793 in
1384 1754 1543 1793 Claudio
1559 1765 1655 1791 xm.

962 1828 988 1847 ‘⁴
1003 1822 1136 1859 Novas
1153 1821 1268 1859 etiam
1286 1826 1521 1858 commentus
1540 1825 1598 1857 est
1615 1818 1658 1856 li-

961 1893 1059 1926 teras
1078 1882 1184 1933 'tres,
1219 1897 1264 1923 ac
1298 1897 1453 1923 numero
1486 1890 1655 1922 veterum

962 1949 1069 2001 quasi
1099 1948 1269 1986 maxime
1294 1948 1522 1986 necessarias
1553 1946 1658 1985 addi·

963 2014 1249 2052 ditz-Exstat
1282 2012 1368 2050 talis
1402 2013 1586 2062 scriptura
1618 2011 1658 2048 in

963 2078 1146 2128 plerisque
1170 2076 1288 2124 libris,
1318 2089 1363 2114 ac
1386 2077 1536 2122 diurnis,
1569 2076 1659 2114 titu-

962 2143 1081 2194 lisque
1097 2143 1289 2193 operum.'’
1343 2148 1366 2166 “
1385 2141 1616 2180 Crediderim
1639 2140 1657 2178 1

964 2213 1230 2246 consonantem
1261 2196 1424 2251 finxisse,
1456 2212 1494 2244 et
1522 2218 1589 2255 pro
1619 2204 1657 2243 U

966 2275 1191 2309 consonante
1214 2270 1244 2309 :l
1263 2270 1473 2315 inversum,
1505 2282 1550 2308 ne
1573 2282 1660 2307 con-

964 2334 1175 2372 funderetur
1208 2344 1297 2371 cum
1329 2334 1373 2379 F,
1409 2334 1506 2384 quod
1541 2333 1658 2371 alium

965 2407 1052 2441 tunc
1078 2412 1212 2437 sonum
1241 2398 1383 2436 habuit.
1441 2397 1581 2443 Qualia
1606 2397 1661 2435 vi-

967 2473 1097 2504 suntur
1107 2464 1145 2502 in
1156 2463 1453 2512 inscriptionibus
1466 2463 1538 2500 aevi
1548 2462 1662 2500 Clau-

969 2529 1069 2567 diani
1104 2528 1203 2577 apud
1239 2523 1444 2565 Gruterum
1479 2528 1530 2578 [p.
1554 2525 1663 2578 236]

970 2589 1182 2641 Ampliadit
1205 2589 1504 2640 terminditque,
1534 2590 1662 2636 Dldl,

972 2652 1157 2700 Vllle‚
1186 2653 1369 2700 XleR,
1397 2651 1663 2692 JUdENTU—

970 2721 1090 2759 TIS.'’
1113 2720 1164 2758 R.
1180 2720 1228 2758 B.
1272 2721 1331 2757 De
1349 2720 1458 2757 tertia
1471 2719 1547 2756 vid.
1567 2716 1664 2766 Tay-

971 2783 1041 2838 lor.
1065 2786 1115 2824 ad
1130 2786 1320 2824 Marmor.
1347 2784 1486 2823 Sandv.
1504 2794 1542 2830 p.
1560 2785 1625 2826 47.
