1864 3132
132 903 226 963 '225

935 233 1041 281 400

263 357 428 392 versus
467 338 803 406 paroemiacus
847 337 1018 387 haberi
1059 336 1225 403 possit,
1273 352 1385 387 cum
1424 337 1570 392 alteri
1611 338 1709 399 isti,

398 434 519 499 ΣιὙῇ
553 428 766 491 πτηξειαν
799 433 982 494 αφωνοι,

262 527 533 583 temporum
559 519 747 567 ratione
768 514 1111 582 aequipolleat?
1166 516 1364 581 Nempe
1387 518 1496 566 haec
1517 489 1710 568 videtur

263 596 436 644 fecisse
473 595 653 659 opinio,
694 600 749 642 ut
771 593 931 647 locum
954 609 1098 641 nemo
1121 593 1347 651 antehac,
1389 594 1520 656 quod
1544 593 1712 651 sciam,

262 673 604 721 sollicitaverit.
676 672 743 719 At
777 671 905 719 enim
942 671 1059 720 illud
1085 677 1241 720 ratum
1269 671 1516 736 fixumque
1540 673 1711 720 sedere

262 750 406 798 velim
430 750 480 797 in
503 764 643 798 versu
668 747 976 822 paroemiaco
999 747 1233 815 sylla-2219
1229 747 1735 819 Q

263 833 512 893 anapaesto
557 826 729 893 subjici
776 832 1015 893 oportere.
1100 825 1178 873 Ad
1233 841 1423 874 versum
1485 825 1710 889 quintum

264 905 421 955 editor
449 904 666 953 eruditus
701 903 807 951 haec
837 902 986 950 habet
1022 906 1053 925 ‘⁶
1077 899 1303 967 Υποδεισ]
1339 903 1368 931 *
1385 901 1482 949 Hic
1504 907 1712 949 aonstus

265 983 502 1033 “indicat
541 980 730 1030 timoris
767 980 1090 1029 cessationem
1104 1000 1126 1036 ,·
1163 981 1385 1044 adeoque
1426 975 1559 1028 recte
1593 978 1711 1028 Sca-

264 1061 298 1081 “
318 1056 445 1123 liger
467 1057 689 1120 explicat,
713 1057 934 1123 defuncti
955 1062 1137 1105 metu.”
1210 1056 1341 1105 Mira
1363 1056 1585 1124 profecto
1609 1055 1710 1108 edi-

262 1133 381 1182 toris
405 1134 643 1191 doctrina,
675 1134 746 1181 uti
770 1140 818 1181 et
841 1134 1014 1181 summi
1037 1134 1127 1182 viri
1149 1133 1501 1198 interpretatio.
1572 1133 1710 1182 Idem

263 1199 487 1268 aoristus,
530 1211 613 1276 qui
649 1211 767 1259 alias
803 1211 984 1276 ubique
1023 1217 1158 1259 metu
1189 1210 1414 1274 perculsi
1447 1211 1590 1269 valet,
1627 1211 1708 1259 hic

264 1293 428 1335 tamen
452 1287 694 1335 contraria
715 1288 860 1351 plane
884 1288 1084 1336 notione
1109 1289 1309 1335 denotat
1333 1288 1523 1336 timoris
1545 1304 1710 1337 cessa-

262 1364 459 1413 tionem.
530 1361 664 1410 Idem
687 1363 837 1410 etiam
876 1364 1009 1425 (nam
1044 1364 1113 1410 ita
1146 1379 1355 1428 pergere
1378 1363 1616 1427 potuisset
1637 1362 1713 1412 vir

263 1438 503 1501 eruditus)
540 1438 692 1505 facit,
739 1446 795 1487 ut
838 1439 1034 1504 syllaba
1072 1440 1376 1503 praecedens,
1425 1455 1533 1505 quae
1578 1439 1711 1488 alias

264 1517 446 1584 ubique
484 1524 602 1567 autc
632 1518 854 1566 vocalem
890 1518 1173 1582 corripitur,
1222 1518 1302 1568 hic
1336 1525 1503 1568 tamen
1535 1524 1708 1566 contra

264 1602 494 1662 sequente
514 1596 680 1645 vocali
692 1597 1020 1659 producatur.
1092 1595 1227 1647 Idem
1243 1597 1453 1663 denique
1471 1596 1624 1663 facit,
1653 1602 1712 1645 ut

256 1672 582 1737 participium
595 1672 930 1722 masculinum
942 1671 1249 1726 ὑποδεισαντος
1265 1675 1333 1723 ad
1345 1673 1713 1742 substantivum

247 1751 587 1819 ¹soemiuiumn
615 1761 783 1817 αγελαι
807 1769 918 1802 uon
950 1753 1252 1805 incommode
1289 1755 1582 1821 referatur.⁴
1629 1753 1708 1807 En

263 1829 493 1878 virtutem
529 1846 642 1878 vere
676 1828 914 1895 ao‘pur-rov!
986 1830 1154 1892 Qualis
1176 1832 1401 1897 profecto
1424 1832 1464 1880 si
1487 1831 1711 1889 admitta-

264 1911 360 1963 tur,
395 1905 528 1953 nulla
567 1905 796 1970 deinceps
835 1906 910 1955 vel
949 1908 1089 1956 metri
1128 1909 1206 1958 vel
1244 1908 1482 1961 orationis.
1514 1905 1709 1960 violatio

264 1997 449 2030 moram
475 1982 623 2032 cuivis
646 1983 848 2049 injicere
879 1984 1072 2047 poterit.
1142 1984 1297 2033 Nunc
1320 2001 1451 2044 vero,
1492 1983 1531 2031 si
1553 1987 1712 2040 vacat,

263 2059 592 2122 contemplare
625 2060 834 2108 vicissim
862 2061 1003 2110 unius
1038 2055 1243 2110 literulae
1279 2062 1488 2129 adjectio
1525 2068 1712 2126 quanta

263 2135 458 2194 virtute,
481 2136 520 2183 si
543 2142 658 2199 apta
677 2138 880 2190 accedat
903 2139 1164 2199 distinctio,
1187 2141 1403 2206 geu-dere
1424 2142 1605 2206 possit:

395 2242 502 2286 Αλλ
533 2237 615 2286 dre
650 2260 746 2304 ’γαρ
779 2236 829 2296 δη
863 2262 921 2288 το
953 2262 1034 2290 σον
1067 2263 1157 2298 ομμ
1191 2240 1399 2308 απεδραν,

399 2321 709 2380 ΠαταὙουο-ιν,
743 2318 828 2367 ἁτε
864 2341 1042 2377 πτηνων
1075 2328 1256 2384 α’γελαι·

401 2401 572 2460 ΜεὙαν
605 2419 814 2460 αυγυπιον
849 2405 892 2447 Δ
930 2397 1243 2451 ὖποδεισαντες
1255 2400 1295 2429 ⁷⁰

397 2480 505 2542 Ταχ
538 2499 604 2535 αν,
641 2477 850 2545 εξαιφνης
884 2501 921 2528 ει
954 2502 1021 2528 συ.
1042 2485 1238 2545 φανειης,

518 2557 637 2618 Συγῃ
671 2554 886 2616 πτηξειαν
919 2560 1104 2620 αφωνοι.

323 2687 389 2728 70.
418 2680 616 2731 αἲγῦπτιον
651 2685 684 2722 15.
720 2684 810 2723 MS.
850 2684 962 2723 Harl.
1017 2685 1359 2736 distinxitToupius
1375 2685 1430 2737 [m
1442 2685 1712 2730 Suid.V01.11.

268 2745 752 2795 atqvvr13v‚·rerasa‚1-1unt.
771 2747 964 2798 “Optime
1018 2763 1056 2800 p.
1085 2754 1150 2794 39.
1185 2749 1211 2788 1.
1239 2750 1334 2802 20.].
1396 2748 1523 2790 Edidit
1558 2749 1707 2800 quidem

273 2811 469 2864 Sophoclis
503 2823 654 2850 versum
685 2812 897 2851 emendavit
927 2818 966 2851 et
1019 2814 1228 2859 Bruuckius
1245 2827 1292 2853 ex
1306 2813 1469 2859 Dawiesii
1486 2814 1712 2866 conjectura,
