<?xml version="1.0" encoding="UTF-8"?>
<!DOCTYPE html PUBLIC "-//W3C//DTD XHTML 1.0 Transitional//EN"
    "http://www.w3.org/TR/xhtml1/DTD/xhtml1-transitional.dtd">
<html xmlns="http://www.w3.org/1999/xhtml" xml:lang="en" lang="en">
 <head>
  <title>
</title>
<meta http-equiv="Content-Type" content="text/html;charset=utf-8" />
  <meta name='ocr-system' content='tesseract 3.04.00' />
  <meta name='ocr-capabilities' content='ocr_page ocr_carea ocr_par ocr_line ocrx_word'/>
</head>
<body>
  <div class='ocr_page' id='page_1' title='image "./miscellaneacriti00daweuoft_0511.png"; bbox 0 0 1864 3132; ppageno 0'>
   <div class='ocr_carea' id='block_1_1' title="bbox 832 253 935 303">
    <p class='ocr_par' dir='ltr' id='par_1_1' title="bbox 832 253 935 303">
     <span class='ocr_line' id='line_1_1' title="bbox 832 253 935 303; baseline 0 0"><span class='ocrx_word' id='word_1_1' title='bbox 832 253 935 303; x_wconf 72' lang='lat'><strong>4³9</strong></span> 
     </span>
    </p>
   </div>
   <div class='ocr_carea' id='block_1_2' title="bbox 163 354 1607 504">
    <p class='ocr_par' dir='ltr' id='par_1_2' title="bbox 163 354 1607 504">
     <span class='ocr_line' id='line_1_2' title="bbox 165 354 1607 423; baseline -0.004 -12"><span class='ocrx_word' id='word_1_2' title='bbox 165 359 333 411; x_wconf 77' lang='lat' dir='ltr'>Missis</span> <span class='ocrx_word' id='word_1_3' title='bbox 352 364 515 421; x_wconf 75' lang='lat' dir='ltr'><strong>autem</strong></span> <span class='ocrx_word' id='word_1_4' title='bbox 535 357 796 414; x_wconf 61' lang='lat' dir='ltr'><strong>hominum,</strong></span> <span class='ocrx_word' id='word_1_5' title='bbox 812 356 1120 417; x_wconf 71' lang='lat' dir='ltr'><strong>delirantium</strong></span> <span class='ocrx_word' id='word_1_6' title='bbox 1143 355 1307 423; x_wconf 82' lang='lat' dir='ltr'><strong>nugis,</strong></span> <span class='ocrx_word' id='word_1_7' title='bbox 1343 354 1607 419; x_wconf 78' lang='lat' dir='ltr'><strong>videamus,</strong></span> 
     </span>
     <span class='ocr_line' id='line_1_3' title="bbox 163 430 1606 504; baseline -0.006 -18"><span class='ocrx_word' id='word_1_8' title='bbox 163 452 229 486; x_wconf 79' lang='lat' dir='ltr'><strong>an</strong></span> <span class='ocrx_word' id='word_1_9' title='bbox 250 452 535 504; x_wconf 68' lang='lat' dir='ltr'><strong>germanam</strong></span> <span class='ocrx_word' id='word_1_10' title='bbox 557 433 748 490; x_wconf 86' lang='lat' dir='ltr'><strong>Comici</strong></span> <span class='ocrx_word' id='word_1_11' title='bbox 767 435 1061 499; x_wconf 75' lang='lat' dir='ltr'><strong>scripturam</strong></span> <span class='ocrx_word' id='word_1_12' title='bbox 1084 448 1315 485; x_wconf 82' lang='lat' dir='ltr'><strong>revocare</strong></span> <span class='ocrx_word' id='word_1_13' title='bbox 1338 430 1606 497; x_wconf 83' lang='lat' dir='ltr'><strong>possimus:</strong></span> 
     </span>
    </p>
   </div>
   <div class='ocr_carea' id='block_1_3' title="bbox 233 529 1559 601">
    <p class='ocr_par' dir='ltr' id='par_1_3' title="bbox 233 529 1559 601">
     <span class='ocr_line' id='line_1_4' title="bbox 233 529 1559 601; baseline -0.006 -16"><span class='ocrx_word' id='word_1_14' title='bbox 233 536 388 600; x_wconf 71' lang='grc' dir='ltr'>Εξειμι</span> <span class='ocrx_word' id='word_1_15' title='bbox 409 557 508 601; x_wconf 62' lang='grc' dir='ltr'><strong>*γαρ</strong></span> <span class='ocrx_word' id='word_1_16' title='bbox 527 556 602 585; x_wconf 84' lang='grc' dir='ltr'><strong>σοι</strong></span> <span class='ocrx_word' id='word_1_17' title='bbox 619 542 828 600; x_wconf 80' lang='grc' dir='ltr'>λαμπρος</span> <span class='ocrx_word' id='word_1_18' title='bbox 847 531 943 592; x_wconf 73' lang='grc' dir='ltr'><strong>ηδη,</strong></span> <span class='ocrx_word' id='word_1_19' title='bbox 972 555 1042 581; x_wconf 78' lang='grc' dir='ltr'><strong>και</strong></span> <span class='ocrx_word' id='word_1_20' title='bbox 1065 554 1207 595; x_wconf 66' lang='grc' dir='ltr'>με’γας</span> <span class='ocrx_word' id='word_1_21' title='bbox 1232 529 1559 580; x_wconf 64' lang='grc' dir='ltr'><strong>ΚΑΤΑΕΙΣ.ιιξι</strong></span> 
     </span>
    </p>
   </div>
   <div class='ocr_carea' id='block_1_4' title="bbox 165 626 1622 925">
    <p class='ocr_par' dir='ltr' id='par_1_4' title="bbox 165 626 1622 925">
     <span class='ocr_line' id='line_1_5' title="bbox 165 626 1610 700; baseline -0.008 -15"><span class='ocrx_word' id='word_1_22' title='bbox 165 657 311 700; x_wconf 54' lang='lat' dir='ltr'><strong>nevas·</strong></span> <span class='ocrx_word' id='word_1_23' title='bbox 331 656 520 694; x_wconf 78' lang='grc' dir='ltr'><strong>καταεις,</strong></span> <span class='ocrx_word' id='word_1_24' title='bbox 542 650 643 683; x_wconf 88' lang='lat' dir='ltr'><strong>non</strong></span> <span class='ocrx_word' id='word_1_25' title='bbox 656 633 763 700; x_wconf 80' lang='lat' dir='ltr'><strong>jam</strong></span> <span class='ocrx_word' id='word_1_26' title='bbox 785 629 1010 690; x_wconf 84' lang='lat' dir='ltr'><strong>demisse,</strong></span> <span class='ocrx_word' id='word_1_27' title='bbox 1033 631 1119 679; x_wconf 89' lang='lat' dir='ltr'><strong>sed</strong></span> <span class='ocrx_word' id='word_1_28' title='bbox 1134 628 1447 696; x_wconf 75' lang='lat' dir='ltr'><strong>vehementer</strong></span> <span class='ocrx_word' id='word_1_29' title='bbox 1452 626 1610 692; x_wconf 74' lang='lat' dir='ltr'><strong>flans.</strong></span> 
     </span>
     <span class='ocr_line' id='line_1_6' title="bbox 168 704 1622 775; baseline -0.006 -13"><span class='ocrx_word' id='word_1_30' title='bbox 168 710 255 762; x_wconf 73' lang='lat' dir='ltr'><strong>Ad‘</strong></span> <span class='ocrx_word' id='word_1_31' title='bbox 282 711 580 761; x_wconf 89' lang='lat' dir='ltr'><strong>locutionem</strong></span> <span class='ocrx_word' id='word_1_32' title='bbox 615 733 761 775; x_wconf 73' lang='grc' dir='ltr'>μεγας</span> <span class='ocrx_word' id='word_1_33' title='bbox 798 732 971 762; x_wconf 59' lang='lat' dir='ltr'><strong>ecam-aeas</strong></span> <span class='ocrx_word' id='word_1_34' title='bbox 1007 710 1137 775; x_wconf 92' lang='lat' dir='ltr'><strong>quod</strong></span> <span class='ocrx_word' id='word_1_35' title='bbox 1174 708 1366 765; x_wconf 76' lang='lat' dir='ltr'><strong>attinet,</strong></span> <span class='ocrx_word' id='word_1_36' title='bbox 1406 704 1622 772; x_wconf 81' lang='lat' dir='ltr'><strong>gemella&#39;</strong></span> 
     </span>
     <span class='ocr_line' id='line_1_7' title="bbox 165 785 1614 854; baseline -0.004 -16"><span class='ocrx_word' id='word_1_37' title='bbox 165 789 313 854; x_wconf 84' lang='lat' dir='ltr'><strong>plane</strong></span> <span class='ocrx_word' id='word_1_38' title='bbox 357 795 491 838; x_wconf 82' lang='lat' dir='ltr'><strong>extat</strong></span> <span class='ocrx_word' id='word_1_39' title='bbox 534 790 586 838; x_wconf 91' lang='lat' dir='ltr'><strong>in</strong></span> <span class='ocrx_word' id='word_1_40' title='bbox 632 788 898 853; x_wconf 88' lang='lat' dir='ltr'><strong>Euripidae,</strong></span> <span class='ocrx_word' id='word_1_41' title='bbox 950 787 1022 835; x_wconf 92' lang='lat' dir='ltr'><strong>uti</strong></span> <span class='ocrx_word' id='word_1_42' title='bbox 1066 787 1253 846; x_wconf 86' lang='lat' dir='ltr'><strong>volunt,</strong></span> <span class='ocrx_word' id='word_1_43' title='bbox 1295 785 1462 835; x_wconf 85' lang='lat' dir='ltr'><strong>fabula</strong></span> <span class='ocrx_word' id='word_1_44' title='bbox 1505 799 1614 849; x_wconf 88' lang='lat' dir='ltr'><strong>quae</strong></span> 
     </span>
     <span class='ocr_line' id='line_1_8' title="bbox 167 866 903 925; baseline -0.003 -9"><span class='ocrx_word' id='word_1_45' title='bbox 167 866 364 916; x_wconf 83' lang='lat' dir='ltr'>Rhesus</span> <span class='ocrx_word' id='word_1_46' title='bbox 386 867 684 925; x_wconf 84' lang='lat' dir='ltr'><strong>inscribitur,</strong></span> <span class='ocrx_word' id='word_1_47' title='bbox 719 866 777 914; x_wconf 94' lang='lat' dir='ltr'><strong>V.</strong></span> <span class='ocrx_word' id='word_1_48' title='bbox 803 877 903 915; x_wconf 75' lang='lat'><strong>322.</strong></span> 
     </span>
    </p>
   </div>
   <div class='ocr_carea' id='block_1_5' title="bbox 237 994 375 1004">
    <p class='ocr_par' dir='ltr' id='par_1_5' title="bbox 237 994 375 1004">
     <span class='ocr_line' id='line_1_9' title="bbox 237 994 375 1004; baseline 0 0"><span class='ocrx_word' id='word_1_49' title='bbox 237 994 375 1004; x_wconf 95' lang='lat' dir='ltr'><strong> </strong></span> 
     </span>
    </p>
   </div>
   <div class='ocr_carea' id='block_1_6' title="bbox 536 994 672 1003">
    <p class='ocr_par' dir='ltr' id='par_1_6' title="bbox 536 994 672 1003">
     <span class='ocr_line' id='line_1_10' title="bbox 536 994 672 1003; baseline 0 2129"><span class='ocrx_word' id='word_1_50' title='bbox 536 994 672 1003; x_wconf 95' lang='lat' dir='ltr'><strong> </strong></span> 
     </span>
    </p>
   </div>
   <div class='ocr_carea' id='block_1_7' title="bbox 682 994 818 1003">
    <p class='ocr_par' dir='ltr' id='par_1_7' title="bbox 682 994 818 1003">
     <span class='ocr_line' id='line_1_11' title="bbox 682 994 818 1003; baseline 0 2129"><span class='ocrx_word' id='word_1_51' title='bbox 682 994 818 1003; x_wconf 95' lang='lat' dir='ltr'><strong> </strong></span> 
     </span>
    </p>
   </div>
   <div class='ocr_carea' id='block_1_8' title="bbox 235 966 1477 1109">
    <p class='ocr_par' dir='ltr' id='par_1_8' title="bbox 235 966 1477 1109">
     <span class='ocr_line' id='line_1_12' title="bbox 840 966 1312 1030; baseline -0.004 -15"><span class='ocrx_word' id='word_1_52' title='bbox 840 967 935 1023; x_wconf 79' lang='grc' dir='ltr'>ἦνικ</span> <span class='ocrx_word' id='word_1_53' title='bbox 967 966 1162 1028; x_wconf 54' lang='lat' dir='ltr'><strong>egum-*rm</strong></span> <span class='ocrx_word' id='word_1_54' title='bbox 1195 970 1312 1030; x_wconf 84' lang='grc' dir='ltr'>Αρης</span> 
     </span>
     <span class='ocr_line' id='line_1_13' title="bbox 235 1035 1477 1109; baseline -0.005 -17"><span class='ocrx_word' id='word_1_55' title='bbox 235 1041 496 1108; x_wconf 74' lang='grc' dir='ltr'><strong>Εφιιυσε114</strong></span> <span class='ocrx_word' id='word_1_56' title='bbox 528 1035 675 1108; x_wconf 77' lang='grc' dir='ltr'>λαιφη</span> <span class='ocrx_word' id='word_1_57' title='bbox 708 1038 847 1098; x_wconf 52' lang='lat' dir='ltr'><strong>ernas.-</strong></span> <span class='ocrx_word' id='word_1_58' title='bbox 879 1062 966 1104; x_wconf 60' lang='grc' dir='ltr'><strong>γης</strong></span> <span class='ocrx_word' id='word_1_59' title='bbox 1001 1050 1191 1088; x_wconf 79' lang='grc' dir='ltr'>ΜΕΓΑΣ</span> <span class='ocrx_word' id='word_1_60' title='bbox 1224 1048 1439 1087; x_wconf 80' lang='grc' dir='ltr'><strong>ΠΝΕΩΝ.</strong></span> <span class='ocrx_word' id='word_1_61' title='bbox 1470 1097 1477 1109; x_wconf 36' lang='grc' dir='ltr'>ι</span> 
     </span>
    </p>
   </div>
   <div class='ocr_carea' id='block_1_9' title="bbox 170 1130 1106 1202">
    <p class='ocr_par' dir='ltr' id='par_1_9' title="bbox 170 1130 1106 1202">
     <span class='ocr_line' id='line_1_14' title="bbox 170 1130 1106 1202; baseline -0.002 -13"><span class='ocrx_word' id='word_1_62' title='bbox 170 1139 307 1196; x_wconf 85' lang='lat' dir='ltr'><strong>Idem</strong></span> <span class='ocrx_word' id='word_1_63' title='bbox 330 1138 588 1202; x_wconf 79' lang='lat' dir='ltr'><strong>Euripides</strong></span> <span class='ocrx_word' id='word_1_64' title='bbox 612 1139 663 1189; x_wconf 90' lang='lat' dir='ltr'><strong>in</strong></span> <span class='ocrx_word' id='word_1_65' title='bbox 688 1139 895 1191; x_wconf 84' lang='lat' dir='ltr'><strong>Bacchis</strong></span> <span class='ocrx_word' id='word_1_66' title='bbox 917 1130 977 1188; x_wconf 56' lang='lat' dir='ltr'><strong>V&#39;.</strong></span> <span class='ocrx_word' id='word_1_67' title='bbox 1002 1146 1106 1189; x_wconf 77' lang='lat'><strong>640.</strong></span> 
     </span>
    </p>
   </div>
   <div class='ocr_carea' id='block_1_10' title="bbox 239 1224 1551 1296">
    <p class='ocr_par' dir='ltr' id='par_1_10' title="bbox 239 1224 1551 1296">
     <span class='ocr_line' id='line_1_15' title="bbox 239 1224 1551 1296; baseline -0.001 -22"><span class='ocrx_word' id='word_1_68' title='bbox 239 1224 402 1290; x_wconf 73' lang='grc' dir='ltr'>Ρᾳδιως</span> <span class='ocrx_word' id='word_1_69' title='bbox 434 1248 531 1293; x_wconf 68' lang='grc' dir='ltr'><strong>*γαρ</strong></span> <span class='ocrx_word' id='word_1_70' title='bbox 562 1250 699 1279; x_wconf 74' lang='grc' dir='ltr'>αυτ-ον</span> <span class='ocrx_word' id='word_1_71' title='bbox 733 1249 851 1285; x_wconf 78' lang='grc' dir='ltr'>οισω,</span> <span class='ocrx_word' id='word_1_72' title='bbox 887 1249 967 1276; x_wconf 87' lang='grc' dir='ltr'><strong>καν</strong></span> <span class='ocrx_word' id='word_1_73' title='bbox 1000 1236 1197 1274; x_wconf 87' lang='grc' dir='ltr'>ΠΝΕΩΝ</span> <span class='ocrx_word' id='word_1_74' title='bbox 1233 1228 1344 1296; x_wconf 62' lang='lat' dir='ltr'><strong>emp</strong></span> <span class='ocrx_word' id='word_1_75' title='bbox 1379 1233 1551 1274; x_wconf 87' lang='grc' dir='ltr'><strong>ΜΕΓΑ.</strong></span> 
     </span>
    </p>
   </div>
   <div class='ocr_carea' id='block_1_11' title="bbox 172 1308 1620 1614">
    <p class='ocr_par' dir='ltr' id='par_1_11' title="bbox 172 1308 1620 1614">
     <span class='ocr_line' id='line_1_16' title="bbox 172 1308 1620 1381; baseline -0.002 -17"><span class='ocrx_word' id='word_1_76' title='bbox 172 1315 274 1364; x_wconf 93' lang='lat' dir='ltr'><strong>Ubi</strong></span> <span class='ocrx_word' id='word_1_77' title='bbox 311 1316 476 1365; x_wconf 90' lang='lat' dir='ltr'><strong>itidem</strong></span> <span class='ocrx_word' id='word_1_78' title='bbox 518 1308 679 1365; x_wconf 75' lang='lat' dir='ltr'><strong>rnalim</strong></span> <span class='ocrx_word' id='word_1_79' title='bbox 717 1325 921 1366; x_wconf 87' lang='grc' dir='ltr'><strong>ΜΕΓΑΣ.</strong></span> <span class='ocrx_word' id='word_1_80' title='bbox 994 1315 1073 1364; x_wconf 88' lang='lat' dir='ltr'><strong>De</strong></span> <span class='ocrx_word' id='word_1_81' title='bbox 1109 1316 1261 1365; x_wconf 90' lang='lat' dir='ltr'><strong>verbo</strong></span> <span class='ocrx_word' id='word_1_82' title='bbox 1294 1321 1468 1381; x_wconf 75' lang='grc' dir='ltr'>εφαυσε</span> <span class='ocrx_word' id='word_1_83' title='bbox 1502 1313 1620 1362; x_wconf 90' lang='lat' dir='ltr'><strong>libet</strong></span> 
     </span>
     <span class='ocr_line' id='line_1_17' title="bbox 173 1389 1618 1454; baseline 0.002 -16"><span class='ocrx_word' id='word_1_84' title='bbox 173 1389 421 1454; x_wconf 83' lang='lat' dir='ltr'><strong>ampliare.</strong></span> <span class='ocrx_word' id='word_1_85' title='bbox 492 1389 661 1438; x_wconf 91' lang='lat' dir='ltr'><strong>Unum</strong></span> <span class='ocrx_word' id='word_1_86' title='bbox 706 1397 895 1453; x_wconf 88' lang='lat' dir='ltr'><strong>tantum</strong></span> <span class='ocrx_word' id='word_1_87' title='bbox 942 1405 1133 1448; x_wconf 90' lang='lat' dir='ltr'><strong>moneo,</strong></span> <span class='ocrx_word' id='word_1_88' title='bbox 1187 1406 1249 1439; x_wconf 86' lang='lat' dir='ltr'><strong>ex</strong></span> <span class='ocrx_word' id='word_1_89' title='bbox 1291 1390 1452 1448; x_wconf 84' lang='lat' dir='ltr'><strong>variis,</strong></span> <span class='ocrx_word' id='word_1_90' title='bbox 1509 1404 1618 1453; x_wconf 78' lang='lat' dir='ltr'><strong>quae</strong></span> 
     </span>
     <span class='ocr_line' id='line_1_18' title="bbox 172 1466 1620 1536; baseline -0.001 -20"><span class='ocrx_word' id='word_1_91' title='bbox 172 1468 434 1534; x_wconf 86' lang='lat' dir='ltr'><strong>propositae</strong></span> <span class='ocrx_word' id='word_1_92' title='bbox 459 1475 590 1534; x_wconf 45' lang='lat' dir='ltr'><strong>sunt.</strong></span> <span class='ocrx_word' id='word_1_93' title='bbox 612 1469 903 1536; x_wconf 86' lang='lat' dir='ltr'><strong>conjecturis</strong></span> <span class='ocrx_word' id='word_1_94' title='bbox 927 1468 1276 1517; x_wconf 81' lang='lat' dir='ltr'><strong>Barnesianam</strong></span> <span class='ocrx_word' id='word_1_95' title='bbox 1299 1474 1441 1534; x_wconf 77' lang='grc' dir='ltr'>εφυσε</span> <span class='ocrx_word' id='word_1_96' title='bbox 1465 1466 1620 1530; x_wconf 92' lang='lat' dir='ltr'><strong>(quod</strong></span> 
     </span>
     <span class='ocr_line' id='line_1_19' title="bbox 175 1542 1618 1614; baseline -0.003 -19"><span class='ocrx_word' id='word_1_97' title='bbox 175 1546 376 1595; x_wconf 84' lang='lat' dir='ltr'><strong>verbum</strong></span> <span class='ocrx_word' id='word_1_98' title='bbox 416 1546 561 1594; x_wconf 88' lang='lat' dir='ltr'><strong>homo</strong></span> <span class='ocrx_word' id='word_1_99' title='bbox 600 1545 799 1595; x_wconf 86' lang='lat' dir='ltr'><strong>festivus</strong></span> <span class='ocrx_word' id='word_1_100' title='bbox 844 1561 936 1614; x_wconf 89' lang='lat' dir='ltr'><strong>pro</strong></span> <span class='ocrx_word' id='word_1_101' title='bbox 980 1551 1127 1611; x_wconf 74' lang='grc' dir='ltr'>εφυσα</span> <span class='ocrx_word' id='word_1_102' title='bbox 1154 1544 1388 1597; x_wconf 84' lang='lat' dir='ltr'><strong>·adhiberi</strong></span> <span class='ocrx_word' id='word_1_103' title='bbox 1431 1542 1618 1604; x_wconf 86' lang='lat' dir='ltr'><strong>statuit)</strong></span> 
     </span>
    </p>
   </div>
   <div class='ocr_carea' id='block_1_12' title="bbox 179 1677 869 1795">
    <p class='ocr_par' dir='ltr' id='par_1_12' title="bbox 179 1677 869 1795">
     <span class='ocr_line' id='line_1_20' title="bbox 231 1677 868 1727; baseline 0 -12"><span class='ocrx_word' id='word_1_104' title='bbox 231 1683 249 1715; x_wconf 91' lang='lat'>1</span> <span class='ocrx_word' id='word_1_105' title='bbox 260 1683 323 1716; x_wconf 85' lang='lat'><strong>13.</strong></span> <span class='ocrx_word' id='word_1_106' title='bbox 339 1683 364 1702; x_wconf 87' lang='lat'>“</span> <span class='ocrx_word' id='word_1_107' title='bbox 376 1677 553 1717; x_wconf 85' lang='lat' dir='ltr'><strong>renitente</strong></span> <span class='ocrx_word' id='word_1_108' title='bbox 564 1677 706 1727; x_wconf 82' lang='lat' dir='ltr'><strong>Toupio</strong></span> <span class='ocrx_word' id='word_1_109' title='bbox 716 1678 755 1716; x_wconf 91' lang='lat' dir='ltr'><strong>in</strong></span> <span class='ocrx_word' id='word_1_110' title='bbox 765 1678 868 1716; x_wconf 89' lang='lat' dir='ltr'><strong>Suid.</strong></span> 
     </span>
     <span class='ocr_line' id='line_1_21' title="bbox 179 1742 869 1795; baseline -0.003 -13"><span class='ocrx_word' id='word_1_111' title='bbox 179 1755 232 1790; x_wconf 84' lang='lat'><strong>11,</strong></span> <span class='ocrx_word' id='word_1_112' title='bbox 260 1745 348 1783; x_wconf 61' lang='lat'><strong>452’</strong></span> <span class='ocrx_word' id='word_1_113' title='bbox 370 1744 477 1795; x_wconf 90' lang='lat' dir='ltr'><strong>[Vol.</strong></span> <span class='ocrx_word' id='word_1_114' title='bbox 495 1756 527 1782; x_wconf 92' lang='lat'><strong>1.</strong></span> <span class='ocrx_word' id='word_1_115' title='bbox 557 1758 594 1794; x_wconf 93' lang='lat' dir='ltr'><strong>p.</strong></span> <span class='ocrx_word' id='word_1_116' title='bbox 614 1744 723 1795; x_wconf 67' lang='lat'>280]</span> <span class='ocrx_word' id='word_1_117' title='bbox 753 1743 801 1781; x_wconf 89' lang='lat' dir='ltr'><strong>R.</strong></span> <span class='ocrx_word' id='word_1_118' title='bbox 822 1742 869 1780; x_wconf 92' lang='lat' dir='ltr'><strong>P.</strong></span> 
     </span>
    </p>
   </div>
   <div class='ocr_carea' id='block_1_13' title="bbox 924 1674 1618 1778">
    <p class='ocr_par' dir='ltr' id='par_1_13' title="bbox 924 1674 1618 1778">
     <span class='ocr_line' id='line_1_22' title="bbox 924 1674 1616 1728; baseline -0.004 -13"><span class='ocrx_word' id='word_1_119' title='bbox 924 1677 1183 1728; x_wconf 85' lang='lat' dir='ltr'><strong>corrigendum</strong></span> <span class='ocrx_word' id='word_1_120' title='bbox 1226 1677 1428 1715; x_wconf 82' lang='lat' dir='ltr'><strong>arbitratur</strong></span> <span class='ocrx_word' id='word_1_121' title='bbox 1474 1675 1525 1714; x_wconf 88' lang='lat' dir='ltr'><strong>R.</strong></span> <span class='ocrx_word' id='word_1_122' title='bbox 1544 1674 1616 1721; x_wconf 89' lang='lat' dir='ltr'><strong>B.;</strong></span> 
     </span>
     <span class='ocr_line' id='line_1_23' title="bbox 924 1738 1618 1778; baseline -0.003 0"><span class='ocrx_word' id='word_1_123' title='bbox 924 1741 989 1778; x_wconf 85' lang='lat' dir='ltr'><strong>sed</strong></span> <span class='ocrx_word' id='word_1_124' title='bbox 1017 1740 1116 1777; x_wconf 85' lang='lat' dir='ltr'><strong>hanc</strong></span> <span class='ocrx_word' id='word_1_125' title='bbox 1144 1740 1393 1778; x_wconf 82' lang='lat' dir='ltr'><strong>mutationem</strong></span> <span class='ocrx_word' id='word_1_126' title='bbox 1420 1739 1490 1777; x_wconf 83' lang='lat' dir='ltr'><strong>sibi</strong></span> <span class='ocrx_word' id='word_1_127' title='bbox 1508 1738 1618 1777; x_wconf 83' lang='lat' dir='ltr'><strong>hodie</strong></span> 
     </span>
    </p>
   </div>
   <div class='ocr_carea' id='block_1_14' title="bbox 175 1806 872 2627">
    <p class='ocr_par' dir='ltr' id='par_1_14' title="bbox 175 1806 872 2627">
     <span class='ocr_line' id='line_1_24' title="bbox 175 1806 869 1862; baseline -0.001 -16"><span class='ocrx_word' id='word_1_128' title='bbox 175 1814 201 1833; x_wconf 78' lang='lat'><strong>‘⁶</strong></span> <span class='ocrx_word' id='word_1_129' title='bbox 223 1808 408 1847; x_wconf 86' lang='lat' dir='ltr'><strong>Porsonus</strong></span> <span class='ocrx_word' id='word_1_130' title='bbox 434 1808 642 1859; x_wconf 84' lang='lat' dir='ltr'><strong>corrigebat</strong></span> <span class='ocrx_word' id='word_1_131' title='bbox 658 1807 774 1862; x_wconf 81' lang='grc' dir='ltr'>ἔξειμι</span> <span class='ocrx_word' id='word_1_132' title='bbox 794 1806 869 1860; x_wconf 78' lang='grc' dir='ltr'><strong>γάρ</strong></span> 
     </span>
     <span class='ocr_line' id='line_1_25' title="bbox 176 1871 868 1925; baseline -0.004 -14"><span class='ocrx_word' id='word_1_133' title='bbox 176 1889 239 1912; x_wconf 84' lang='grc' dir='ltr'><strong>σοι</strong></span> <span class='ocrx_word' id='word_1_134' title='bbox 258 1871 516 1925; x_wconf 71' lang='grc' dir='ltr'>λαμπρός-ἤδη</span> <span class='ocrx_word' id='word_1_135' title='bbox 532 1874 669 1913; x_wconf 76' lang='grc' dir='ltr'>καικίας</span> <span class='ocrx_word' id='word_1_136' title='bbox 679 1872 794 1920; x_wconf 69' lang='grc' dir='ltr'>μέγας</span> <span class='ocrx_word' id='word_1_137' title='bbox 810 1887 868 1913; x_wconf 82' lang='grc' dir='ltr'><strong>τε.</strong></span> 
     </span>
     <span class='ocr_line' id='line_1_26' title="bbox 175 1934 871 1982; baseline -0.001 -9"><span class='ocrx_word' id='word_1_138' title='bbox 175 1936 276 1973; x_wconf 85' lang='lat' dir='ltr'><strong>Tum</strong></span> <span class='ocrx_word' id='word_1_139' title='bbox 306 1939 398 1974; x_wconf 82' lang='lat'><strong>435.</strong></span> <span class='ocrx_word' id='word_1_140' title='bbox 439 1936 526 1982; x_wconf 78' lang='grc' dir='ltr'>ἤτοι</span> <span class='ocrx_word' id='word_1_141' title='bbox 555 1938 692 1975; x_wconf 78' lang='grc' dir='ltr'>καικίας</span> <span class='ocrx_word' id='word_1_142' title='bbox 719 1934 745 1982; x_wconf 70' lang='grc' dir='ltr'><strong><em>ἦ</em></strong></span> <span class='ocrx_word' id='word_1_143' title='bbox 762 1952 871 1975; x_wconf 82' lang='grc' dir='ltr'><strong><em>συκο-</em></strong></span> 
     </span>
     <span class='ocr_line' id='line_1_27' title="bbox 176 2000 868 2053; baseline 0 -16"><span class='ocrx_word' id='word_1_144' title='bbox 176 2002 350 2053; x_wconf 78' lang='grc' dir='ltr'>φαντίας,</span> <span class='ocrx_word' id='word_1_145' title='bbox 368 2000 515 2039; x_wconf 85' lang='lat' dir='ltr'><strong>collatis</strong></span> <span class='ocrx_word' id='word_1_146' title='bbox 532 2000 737 2038; x_wconf 86' lang='lat' dir='ltr'><strong>Plutarcho</strong></span> <span class='ocrx_word' id='word_1_147' title='bbox 754 2000 800 2038; x_wconf 90' lang='lat' dir='ltr'><strong>T.</strong></span> <span class='ocrx_word' id='word_1_148' title='bbox 817 2011 868 2037; x_wconf 87' lang='lat'><strong>11.</strong></span> 
     </span>
     <span class='ocr_line' id='line_1_28' title="bbox 177 2056 868 2114; baseline -0.001 -12"><span class='ocrx_word' id='word_1_149' title='bbox 177 2077 215 2114; x_wconf 87' lang='lat' dir='ltr'><strong>p.</strong></span> <span class='ocrx_word' id='word_1_150' title='bbox 228 2067 320 2102; x_wconf 83' lang='lat'><strong>853.</strong></span> <span class='ocrx_word' id='word_1_151' title='bbox 333 2064 379 2102; x_wconf 87' lang='lat' dir='ltr'><strong>C.</strong></span> <span class='ocrx_word' id='word_1_152' title='bbox 394 2069 431 2102; x_wconf 88' lang='lat' dir='ltr'><strong>et</strong></span> <span class='ocrx_word' id='word_1_153' title='bbox 443 2056 699 2103; x_wconf 82' lang='lat' dir='ltr'><strong>Ravennate.”</strong></span> <span class='ocrx_word' id='word_1_154' title='bbox 714 2063 868 2102; x_wconf 92' lang='lat' dir='ltr'><strong>P.P.D.</strong></span> 
     </span>
     <span class='ocr_line' id='line_1_29' title="bbox 177 2127 869 2180; baseline -0.003 -15"><span class='ocrx_word' id='word_1_155' title='bbox 177 2127 227 2165; x_wconf 85' lang='lat' dir='ltr'><strong>ad</strong></span> <span class='ocrx_word' id='word_1_156' title='bbox 254 2127 280 2164; x_wconf 92' lang='grc'><strong>1.</strong></span> <span class='ocrx_word' id='word_1_157' title='bbox 313 2140 423 2177; x_wconf 86' lang='lat' dir='ltr'><strong>quem</strong></span> <span class='ocrx_word' id='word_1_158' title='bbox 451 2128 561 2165; x_wconf 84' lang='lat' dir='ltr'><strong>vide:</strong></span> <span class='ocrx_word' id='word_1_159' title='bbox 601 2134 760 2180; x_wconf 75' lang='grc' dir='ltr'>λαμπρᾳ</span> <span class='ocrx_word' id='word_1_160' title='bbox 802 2138 869 2176; x_wconf 89' lang='lat' dir='ltr'><strong>pro</strong></span> 
     </span>
     <span class='ocr_line' id='line_1_30' title="bbox 179 2189 869 2245; baseline -0.004 -15"><span class='ocrx_word' id='word_1_161' title='bbox 179 2191 315 2245; x_wconf 63' lang='grc' dir='ltr'>πρώτῃ</span> <span class='ocrx_word' id='word_1_162' title='bbox 336 2191 562 2231; x_wconf 84' lang='lat' dir='ltr'><strong>Philostrato</strong></span> <span class='ocrx_word' id='word_1_163' title='bbox 579 2191 624 2228; x_wconf 85' lang='lat' dir='ltr'><strong>de</strong></span> <span class='ocrx_word' id='word_1_164' title='bbox 638 2190 719 2228; x_wconf 85' lang='lat' dir='ltr'><strong>vit.</strong></span> <span class='ocrx_word' id='word_1_165' title='bbox 739 2189 869 2239; x_wconf 93' lang='lat' dir='ltr'><strong>Apoll.</strong></span> 
     </span>
     <span class='ocr_line' id='line_1_31' title="bbox 180 2255 871 2301; baseline -0.004 -7"><span class='ocrx_word' id='word_1_166' title='bbox 180 2267 257 2301; x_wconf 90' lang='lat'>111,</span> <span class='ocrx_word' id='word_1_167' title='bbox 278 2267 311 2292; x_wconf 91' lang='lat' dir='ltr'><strong>c.</strong></span> <span class='ocrx_word' id='word_1_168' title='bbox 329 2258 395 2297; x_wconf 84' lang='lat'><strong>37.</strong></span> <span class='ocrx_word' id='word_1_169' title='bbox 423 2255 580 2293; x_wconf 87' lang='lat' dir='ltr'><strong>reddidit</strong></span> <span class='ocrx_word' id='word_1_170' title='bbox 602 2255 871 2293; x_wconf 78' lang='lat' dir='ltr'><strong>Valckenaerius</strong></span> 
     </span>
     <span class='ocr_line' id='line_1_32' title="bbox 179 2314 870 2369; baseline -0.006 -9"><span class='ocrx_word' id='word_1_171' title='bbox 179 2321 229 2360; x_wconf 87' lang='lat' dir='ltr'><strong>ad</strong></span> <span class='ocrx_word' id='word_1_172' title='bbox 260 2319 371 2359; x_wconf 80' lang='lat' dir='ltr'><strong>Joan.</strong></span> <span class='ocrx_word' id='word_1_173' title='bbox 406 2314 670 2369; x_wconf 84' lang='lat' dir='ltr'><strong>Chrysostom.</strong></span> <span class='ocrx_word' id='word_1_174' title='bbox 703 2325 797 2356; x_wconf 86' lang='lat' dir='ltr'><strong>orat.</strong></span> <span class='ocrx_word' id='word_1_175' title='bbox 831 2319 870 2357; x_wconf 87' lang='lat' dir='ltr'><strong>in</strong></span> 
     </span>
     <span class='ocr_line' id='line_1_33' title="bbox 178 2382 870 2423; baseline -0.004 -1"><span class='ocrx_word' id='word_1_176' title='bbox 178 2383 329 2423; x_wconf 89' lang='lat' dir='ltr'><strong>laudem</strong></span> <span class='ocrx_word' id='word_1_177' title='bbox 368 2382 420 2419; x_wconf 89' lang='lat' dir='ltr'><strong>D.</strong></span> <span class='ocrx_word' id='word_1_178' title='bbox 455 2382 577 2420; x_wconf 87' lang='lat' dir='ltr'><strong>Pauli.</strong></span> <span class='ocrx_word' id='word_1_179' title='bbox 624 2383 668 2420; x_wconf 88' lang='lat' dir='ltr'><strong>P.</strong></span> <span class='ocrx_word' id='word_1_180' title='bbox 702 2394 870 2423; x_wconf 80' lang='lat' dir='ltr'><strong>xxxv1.</strong></span> 
     </span>
     <span class='ocr_line' id='line_1_34' title="bbox 179 2444 872 2495; baseline -0.004 -10"><span class='ocrx_word' id='word_1_181' title='bbox 179 2445 412 2486; x_wconf 86' lang='lat' dir='ltr'><strong>Themistius</strong></span> <span class='ocrx_word' id='word_1_182' title='bbox 431 2450 526 2482; x_wconf 87' lang='lat' dir='ltr'><strong>orat.</strong></span> <span class='ocrx_word' id='word_1_183' title='bbox 546 2456 644 2482; x_wconf 74' lang='lat' dir='ltr'><strong>xvi.</strong></span> <span class='ocrx_word' id='word_1_184' title='bbox 663 2458 699 2495; x_wconf 90' lang='lat' dir='ltr'><strong>p.</strong></span> <span class='ocrx_word' id='word_1_185' title='bbox 718 2449 810 2485; x_wconf 80' lang='grc'><strong>202.</strong></span> <span class='ocrx_word' id='word_1_186' title='bbox 826 2444 872 2482; x_wconf 92' lang='lat' dir='ltr'><strong>C.</strong></span> 
     </span>
     <span class='ocr_line' id='line_1_35' title="bbox 181 2509 872 2564; baseline -0.007 -14"><span class='ocrx_word' id='word_1_187' title='bbox 181 2512 344 2564; x_wconf 75' lang='grc' dir='ltr'>λαμπρᾷ</span> <span class='ocrx_word' id='word_1_188' title='bbox 378 2510 428 2563; x_wconf 77' lang='grc' dir='ltr'><strong>τῇ</strong></span> <span class='ocrx_word' id='word_1_189' title='bbox 454 2510 583 2562; x_wconf 13' lang='grc' dir='ltr'><strong>μφωνῇ.</strong></span> <span class='ocrx_word' id='word_1_190' title='bbox 637 2514 675 2547; x_wconf 87' lang='lat' dir='ltr'><strong>et</strong></span> <span class='ocrx_word' id='word_1_191' title='bbox 710 2509 872 2547; x_wconf 86' lang='lat' dir='ltr'><strong>Isidorus</strong></span> 
     </span>
     <span class='ocr_line' id='line_1_36' title="bbox 181 2573 871 2627; baseline -0.007 -11"><span class='ocrx_word' id='word_1_192' title='bbox 181 2577 280 2625; x_wconf 76' lang='lat' dir='ltr'><strong>apud</strong></span> <span class='ocrx_word' id='word_1_193' title='bbox 301 2575 418 2624; x_wconf 84' lang='lat' dir='ltr'><strong>Toup.</strong></span> <span class='ocrx_word' id='word_1_194' title='bbox 442 2573 468 2611; x_wconf 93' lang='lat' dir='ltr'><strong>l.</strong></span> <span class='ocrx_word' id='word_1_195' title='bbox 487 2585 535 2620; x_wconf 90' lang='lat' dir='ltr'><strong>c.,</strong></span> <span class='ocrx_word' id='word_1_196' title='bbox 580 2573 633 2626; x_wconf 74' lang='grc' dir='ltr'><strong>τῇ</strong></span> <span class='ocrx_word' id='word_1_197' title='bbox 655 2573 722 2620; x_wconf 74' lang='grc' dir='ltr'><strong>μὲν</strong></span> <span class='ocrx_word' id='word_1_198' title='bbox 749 2573 871 2627; x_wconf 76' lang='grc' dir='ltr'><strong><em>ψυχῇ</em></strong></span> 
     </span>
    </p>
   </div>
   <div class='ocr_carea' id='block_1_15' title="bbox 917 1804 1619 2500">
    <p class='ocr_par' dir='ltr' id='par_1_15' title="bbox 917 1804 1619 2500">
     <span class='ocr_line' id='line_1_37' title="bbox 924 1804 1526 1855; baseline -0.002 -12"><span class='ocrx_word' id='word_1_199' title='bbox 924 1818 999 1844; x_wconf 90' lang='lat' dir='ltr'><strong>non</strong></span> <span class='ocrx_word' id='word_1_200' title='bbox 1018 1806 1244 1855; x_wconf 68' lang='lat' dir='ltr'><strong>approbaret</strong></span> <span class='ocrx_word' id='word_1_201' title='bbox 1263 1804 1323 1842; x_wconf 84' lang='lat' dir='ltr'><strong>vir</strong></span> <span class='ocrx_word' id='word_1_202' title='bbox 1339 1817 1526 1844; x_wconf 86' lang='lat' dir='ltr'><strong>summus.</strong></span> 
     </span>
     <span class='ocr_line' id='line_1_38' title="bbox 982 1859 1617 1921; baseline -0.002 -15"><span class='ocrx_word' id='word_1_203' title='bbox 982 1874 1072 1907; x_wconf 84' lang='lat'><strong>114.</strong></span> <span class='ocrx_word' id='word_1_204' title='bbox 1110 1874 1136 1892; x_wconf 83' lang='grc'><strong><em>“</em></strong></span> <span class='ocrx_word' id='word_1_205' title='bbox 1155 1870 1228 1908; x_wconf 83' lang='lat' dir='ltr'><strong>Pro</strong></span> <span class='ocrx_word' id='word_1_206' title='bbox 1264 1875 1422 1921; x_wconf 73' lang='grc' dir='ltr'>εφαυσε,</span> <span class='ocrx_word' id='word_1_207' title='bbox 1465 1859 1485 1907; x_wconf 66' lang='lat' dir='ltr'><strong>e</strong></span> <span class='ocrx_word' id='word_1_208' title='bbox 1521 1868 1617 1910; x_wconf 87' lang='lat' dir='ltr'><strong>Cod.</strong></span> 
     </span>
     <span class='ocr_line' id='line_1_39' title="bbox 925 1932 1618 1987; baseline 0 -17"><span class='ocrx_word' id='word_1_209' title='bbox 925 1933 997 1970; x_wconf 68' lang='grc' dir='ltr'><strong>ΓΙ..</strong></span> <span class='ocrx_word' id='word_1_210' title='bbox 1025 1932 1224 1984; x_wconf 72' lang='lat' dir='ltr'><strong>Musgrav.</strong></span> <span class='ocrx_word' id='word_1_211' title='bbox 1250 1933 1410 1971; x_wconf 82' lang='lat' dir='ltr'><strong>restituit</strong></span> <span class='ocrx_word' id='word_1_212' title='bbox 1427 1932 1618 1987; x_wconf 80' lang='grc' dir='ltr'>εθρανσε.”</span> 
     </span>
     <span class='ocr_line' id='line_1_40' title="bbox 924 1996 1616 2051; baseline -0.001 -17"><span class='ocrx_word' id='word_1_213' title='bbox 924 1997 1101 2048; x_wconf 76' lang='lat' dir='ltr'><strong>Burgess.</strong></span> <span class='ocrx_word' id='word_1_214' title='bbox 1128 1996 1260 2051; x_wconf 81' lang='grc' dir='ltr'>ἔθραυε</span> <span class='ocrx_word' id='word_1_215' title='bbox 1278 1999 1396 2049; x_wconf 82' lang='grc' dir='ltr'>λαίφη</span> <span class='ocrx_word' id='word_1_216' title='bbox 1417 1998 1446 2035; x_wconf 89' lang='lat' dir='ltr'>F</span> <span class='ocrx_word' id='word_1_217' title='bbox 1449 1996 1517 2035; x_wconf 89' lang='lat' dir='ltr'><strong>lor.</strong></span> <span class='ocrx_word' id='word_1_218' title='bbox 1541 2008 1616 2034; x_wconf 86' lang='lat' dir='ltr'><strong>sec.</strong></span> 
     </span>
     <span class='ocr_line' id='line_1_41' title="bbox 929 2060 1615 2113; baseline -0.003 -13"><span class='ocrx_word' id='word_1_219' title='bbox 929 2062 967 2100; x_wconf 89' lang='lat' dir='ltr'><em>V</em></span> <span class='ocrx_word' id='word_1_220' title='bbox 963 2062 1058 2100; x_wconf 79' lang='lat' dir='ltr'><strong>alclc.</strong></span> <span class='ocrx_word' id='word_1_221' title='bbox 1108 2063 1230 2100; x_wconf 83' lang='lat' dir='ltr'><strong>Diatr.</strong></span> <span class='ocrx_word' id='word_1_222' title='bbox 1276 2075 1313 2112; x_wconf 90' lang='lat' dir='ltr'><strong>p.</strong></span> <span class='ocrx_word' id='word_1_223' title='bbox 1336 2065 1425 2100; x_wconf 87' lang='lat'><strong>103.</strong></span> <span class='ocrx_word' id='word_1_224' title='bbox 1465 2060 1615 2113; x_wconf 79' lang='grc' dir='ltr'>ἔφλασε</span> 
     </span>
     <span class='ocr_line' id='line_1_42' title="bbox 923 2126 1619 2173; baseline 0 -9"><span class='ocrx_word' id='word_1_225' title='bbox 923 2126 1111 2164; x_wconf 72' lang='lat' dir='ltr'><strong>Reiskius.</strong></span> <span class='ocrx_word' id='word_1_226' title='bbox 1147 2127 1340 2165; x_wconf 87' lang='lat' dir='ltr'><strong>Observat</strong></span> <span class='ocrx_word' id='word_1_227' title='bbox 1357 2127 1416 2164; x_wconf 87' lang='lat' dir='ltr'><strong>vir</strong></span> <span class='ocrx_word' id='word_1_228' title='bbox 1433 2139 1619 2173; x_wconf 83' lang='lat' dir='ltr'><strong>summus,</strong></span> 
     </span>
     <span class='ocr_line' id='line_1_43' title="bbox 925 2190 1617 2241; baseline -0.003 -11"><span class='ocrx_word' id='word_1_229' title='bbox 925 2192 1038 2230; x_wconf 79' lang='lat' dir='ltr'><strong>Prael.</strong></span> <span class='ocrx_word' id='word_1_230' title='bbox 1066 2205 1103 2241; x_wconf 84' lang='lat' dir='ltr'><strong>p.</strong></span> <span class='ocrx_word' id='word_1_231' title='bbox 1121 2196 1161 2237; x_wconf 86' lang='lat'><strong>9.</strong></span> <span class='ocrx_word' id='word_1_232' title='bbox 1208 2197 1231 2216; x_wconf 87' lang='lat'>“</span> <span class='ocrx_word' id='word_1_233' title='bbox 1247 2191 1419 2229; x_wconf 88' lang='lat' dir='ltr'><strong>Rhesum</strong></span> <span class='ocrx_word' id='word_1_234' title='bbox 1449 2190 1617 2241; x_wconf 77' lang='lat' dir='ltr'><strong>Euripidi</strong></span> 
     </span>
     <span class='ocr_line' id='line_1_44' title="bbox 917 2255 1617 2306; baseline -0.003 -12"><span class='ocrx_word' id='word_1_235' title='bbox 917 2257 1003 2306; x_wconf 83' lang='lat' dir='ltr'><strong>jam</strong></span> <span class='ocrx_word' id='word_1_236' title='bbox 1020 2257 1069 2294; x_wconf 83' lang='lat' dir='ltr'><strong>ab</strong></span> <span class='ocrx_word' id='word_1_237' title='bbox 1096 2256 1268 2299; x_wconf 88' lang='lat' dir='ltr'><strong>omnibus</strong></span> <span class='ocrx_word' id='word_1_238' title='bbox 1287 2255 1362 2294; x_wconf 87' lang='lat' dir='ltr'><strong>fere</strong></span> <span class='ocrx_word' id='word_1_239' title='bbox 1381 2255 1517 2295; x_wconf 84' lang='lat' dir='ltr'><strong>criticis</strong></span> <span class='ocrx_word' id='word_1_240' title='bbox 1537 2267 1617 2294; x_wconf 87' lang='lat' dir='ltr'><strong>esse</strong></span> 
     </span>
     <span class='ocr_line' id='line_1_45' title="bbox 923 2321 1617 2372; baseline -0.001 -12"><span class='ocrx_word' id='word_1_241' title='bbox 923 2321 1200 2372; x_wconf 62' lang='lat' dir='ltr'><strong>abjudicatum</strong></span> <span class='ocrx_word' id='word_1_242' title='bbox 1228 2327 1266 2359; x_wconf 88' lang='lat' dir='ltr'><strong>et</strong></span> <span class='ocrx_word' id='word_1_243' title='bbox 1278 2322 1377 2359; x_wconf 86' lang='lat' dir='ltr'><strong>hanc</strong></span> <span class='ocrx_word' id='word_1_244' title='bbox 1395 2321 1617 2360; x_wconf 85' lang='lat' dir='ltr'><strong>sententiam</strong></span> 
     </span>
     <span class='ocr_line' id='line_1_46' title="bbox 923 2386 1616 2437; baseline 0.001 -14"><span class='ocrx_word' id='word_1_245' title='bbox 923 2386 973 2424; x_wconf 82' lang='lat' dir='ltr'><strong>ad</strong></span> <span class='ocrx_word' id='word_1_246' title='bbox 981 2398 1171 2424; x_wconf 89' lang='lat' dir='ltr'><strong>summum</strong></span> <span class='ocrx_word' id='word_1_247' title='bbox 1179 2386 1450 2435; x_wconf 83' lang='lat' dir='ltr'><strong>probabilitatis</strong></span> <span class='ocrx_word' id='word_1_248' title='bbox 1458 2387 1616 2437; x_wconf 81' lang='lat' dir='ltr'><strong>gradum</strong></span> 
     </span>
     <span class='ocr_line' id='line_1_47' title="bbox 925 2450 1617 2500; baseline 0.003 -12"><span class='ocrx_word' id='word_1_249' title='bbox 925 2450 1141 2500; x_wconf 82' lang='lat' dir='ltr'><strong>perduxisse</strong></span> <span class='ocrx_word' id='word_1_250' title='bbox 1153 2463 1240 2488; x_wconf 89' lang='lat' dir='ltr'><strong>cum</strong></span> <span class='ocrx_word' id='word_1_251' title='bbox 1253 2450 1346 2490; x_wconf 82' lang='lat' dir='ltr'><strong>alios</strong></span> <span class='ocrx_word' id='word_1_252' title='bbox 1357 2451 1458 2489; x_wconf 87' lang='lat' dir='ltr'><strong>viros</strong></span> <span class='ocrx_word' id='word_1_253' title='bbox 1476 2452 1617 2497; x_wconf 84' lang='lat' dir='ltr'><strong>doctos,</strong></span> 
     </span>
    </p>
   </div>
   <div class='ocr_carea' id='block_1_16' title="bbox 926 2514 1618 2628">
    <p class='ocr_par' dir='ltr' id='par_1_16' title="bbox 926 2514 1618 2628">
     <span class='ocr_line' id='line_1_48' title="bbox 926 2514 1618 2567; baseline -0.003 -14"><span class='ocrx_word' id='word_1_254' title='bbox 926 2520 1008 2553; x_wconf 86' lang='lat' dir='ltr'><strong>tum</strong></span> <span class='ocrx_word' id='word_1_255' title='bbox 1026 2527 1142 2564; x_wconf 88' lang='lat' dir='ltr'><strong>nuper</strong></span> <span class='ocrx_word' id='word_1_256' title='bbox 1153 2515 1381 2558; x_wconf 83' lang='lat' dir='ltr'><strong>Hardionem</strong></span> <span class='ocrx_word' id='word_1_257' title='bbox 1400 2514 1618 2567; x_wconf 78' lang='lat' dir='ltr'><strong>[Memoires</strong></span> 
     </span>
     <span class='ocr_line' id='line_1_49' title="bbox 929 2576 1617 2628; baseline 0.001 -14"><span class='ocrx_word' id='word_1_258' title='bbox 929 2578 972 2614; x_wconf 86' lang='lat' dir='ltr'><strong>de</strong></span> <span class='ocrx_word' id='word_1_259' title='bbox 979 2576 1079 2615; x_wconf 83' lang='lat' dir='ltr'><strong>Litt.</strong></span> <span class='ocrx_word' id='word_1_260' title='bbox 1090 2578 1134 2616; x_wconf 86' lang='lat' dir='ltr'><strong>de</strong></span> <span class='ocrx_word' id='word_1_261' title='bbox 1146 2578 1294 2616; x_wconf 79' lang='lat' dir='ltr'><strong>l&#39;AcacI.</strong></span> <span class='ocrx_word' id='word_1_262' title='bbox 1304 2579 1400 2628; x_wconf 74' lang='lat' dir='ltr'><strong>Roy.</strong></span> <span class='ocrx_word' id='word_1_263' title='bbox 1419 2579 1482 2615; x_wconf 76' lang='lat' dir='ltr'><strong>des</strong></span> <span class='ocrx_word' id='word_1_264' title='bbox 1495 2578 1617 2616; x_wconf 71' lang='lat' dir='ltr'><strong>Inscr.</strong></span> 
     </span>
    </p>
   </div>
   <div class='ocr_carea' id='block_1_17' title="bbox 184 2635 1620 2887">
    <p class='ocr_par' dir='ltr' id='par_1_17' title="bbox 184 2635 1620 2887">
     <span class='ocr_line' id='line_1_50' title="bbox 184 2635 1620 2695; baseline -0.005 -18"><span class='ocrx_word' id='word_1_265' title='bbox 184 2640 356 2692; x_wconf 76' lang='grc' dir='ltr'>λαμπρός</span> <span class='ocrx_word' id='word_1_266' title='bbox 376 2638 462 2677; x_wconf 83' lang='grc' dir='ltr'>ἐστι</span> <span class='ocrx_word' id='word_1_267' title='bbox 490 2636 549 2675; x_wconf 74' lang='grc' dir='ltr'><strong>καὶ</strong></span> <span class='ocrx_word' id='word_1_268' title='bbox 576 2635 702 2684; x_wconf 77' lang='grc' dir='ltr'><strong>μέγας.</strong></span> <span class='ocrx_word' id='word_1_269' title='bbox 746 2637 872 2687; x_wconf 87' lang='lat' dir='ltr'><strong>Equit.</strong></span> <span class='ocrx_word' id='word_1_270' title='bbox 925 2642 973 2680; x_wconf 80' lang='lat' dir='ltr'><strong>T,</strong></span> <span class='ocrx_word' id='word_1_271' title='bbox 993 2654 1038 2680; x_wconf 80' lang='lat' dir='ltr'><strong>x,</strong></span> <span class='ocrx_word' id='word_1_272' title='bbox 1065 2655 1127 2692; x_wconf 74' lang='lat' dir='ltr'><strong>pp,</strong></span> <span class='ocrx_word' id='word_1_273' title='bbox 1146 2645 1391 2695; x_wconf 73' lang='lat'><strong>323—337‚]</strong></span> <span class='ocrx_word' id='word_1_274' title='bbox 1410 2649 1447 2681; x_wconf 70' lang='lat' dir='ltr'><strong>et</strong></span> <span class='ocrx_word' id='word_1_275' title='bbox 1469 2642 1620 2681; x_wconf 56' lang='grc' dir='ltr'><strong>γαιάω-</strong></span> 
     </span>
     <span class='ocr_line' id='line_1_51' title="bbox 185 2700 1620 2758; baseline -0.003 -9"><span class='ocrx_word' id='word_1_276' title='bbox 185 2707 279 2749; x_wconf 87' lang='grc'>757-</span> <span class='ocrx_word' id='word_1_277' title='bbox 323 2704 425 2757; x_wconf 52' lang='grc' dir='ltr'><strong>Πρὸς</strong></span> <span class='ocrx_word' id='word_1_278' title='bbox 461 2701 580 2749; x_wconf 77' lang='grc' dir='ltr'>ταῦθ’,</span> <span class='ocrx_word' id='word_1_279' title='bbox 618 2700 717 2740; x_wconf 59' lang='grc' dir='ltr'><strong>ὅπως</strong></span> <span class='ocrx_word' id='word_1_280' title='bbox 749 2701 873 2756; x_wconf 74' lang='grc' dir='ltr'>ῥεύσει</span> <span class='ocrx_word' id='word_1_281' title='bbox 928 2706 1079 2746; x_wconf 78' lang='lat' dir='ltr'><strong>naerium</strong></span> <span class='ocrx_word' id='word_1_282' title='bbox 1107 2707 1249 2758; x_wconf 87' lang='lat' dir='ltr'><strong>[Diatr.</strong></span> <span class='ocrx_word' id='word_1_283' title='bbox 1278 2721 1340 2758; x_wconf 88' lang='lat' dir='ltr'><strong>pp.</strong></span> <span class='ocrx_word' id='word_1_284' title='bbox 1362 2707 1620 2758; x_wconf 77' lang='lat'><strong>88—-114,].”</strong></span> 
     </span>
     <span class='ocr_line' id='line_1_52' title="bbox 185 2767 1619 2823; baseline 0 -17"><span class='ocrx_word' id='word_1_285' title='bbox 185 2768 302 2807; x_wconf 72' lang='grc' dir='ltr'><strong>πολῦς</strong></span> <span class='ocrx_word' id='word_1_286' title='bbox 320 2768 378 2807; x_wconf 69' lang='grc' dir='ltr'><strong>καὶ</strong></span> <span class='ocrx_word' id='word_1_287' title='bbox 397 2767 659 2820; x_wconf 76' lang='grc' dir='ltr'>λαμπρὸς-8</span> <span class='ocrx_word' id='word_1_288' title='bbox 675 2767 874 2806; x_wconf 88' lang='lat' dir='ltr'><strong>Demosth.</strong></span> <span class='ocrx_word' id='word_1_289' title='bbox 930 2771 1039 2811; x_wconf 79' lang='lat' dir='ltr'><strong>Cous,</strong></span> <span class='ocrx_word' id='word_1_290' title='bbox 1076 2771 1260 2823; x_wconf 59' lang='lat' dir='ltr'><strong>Scaliger,</strong></span> <span class='ocrx_word' id='word_1_291' title='bbox 1293 2774 1394 2821; x_wconf 82' lang='lat' dir='ltr'><strong>App,</strong></span> <span class='ocrx_word' id='word_1_292' title='bbox 1429 2772 1477 2809; x_wconf 84' lang='lat' dir='ltr'><strong>ad</strong></span> <span class='ocrx_word' id='word_1_293' title='bbox 1510 2771 1619 2822; x_wconf 77' lang='lat' dir='ltr'><strong>Virg.</strong></span> 
     </span>
     <span class='ocr_line' id='line_1_53' title="bbox 184 2831 1524 2887; baseline 0 -16"><span class='ocrx_word' id='word_1_294' title='bbox 184 2845 242 2871; x_wconf 86' lang='lat' dir='ltr'><strong>or.</strong></span> <span class='ocrx_word' id='word_1_295' title='bbox 260 2832 306 2874; x_wconf 81' lang='lat' dir='ltr'><strong>de</strong></span> <span class='ocrx_word' id='word_1_296' title='bbox 325 2832 475 2872; x_wconf 80' lang='lat' dir='ltr'><strong>Corona</strong></span> <span class='ocrx_word' id='word_1_297' title='bbox 494 2843 526 2879; x_wconf 88' lang='lat'><strong>1,</strong></span> <span class='ocrx_word' id='word_1_298' title='bbox 548 2844 586 2882; x_wconf 89' lang='lat' dir='ltr'><strong>p.</strong></span> <span class='ocrx_word' id='word_1_299' title='bbox 603 2834 696 2870; x_wconf 81' lang='lat'><strong>521.</strong></span> <span class='ocrx_word' id='word_1_300' title='bbox 728 2831 878 2887; x_wconf 68' lang='lat' dir='ltr'><strong>Taylor.</strong></span> <span class='ocrx_word' id='word_1_301' title='bbox 933 2850 971 2886; x_wconf 79' lang='lat' dir='ltr'><strong>p,</strong></span> <span class='ocrx_word' id='word_1_302' title='bbox 993 2840 1084 2883; x_wconf 78' lang='lat'><strong>290,</strong></span> <span class='ocrx_word' id='word_1_303' title='bbox 1101 2842 1139 2877; x_wconf 83' lang='lat' dir='ltr'><strong>et</strong></span> <span class='ocrx_word' id='word_1_304' title='bbox 1156 2835 1303 2885; x_wconf 77' lang='lat' dir='ltr'><strong>Proleg.</strong></span> <span class='ocrx_word' id='word_1_305' title='bbox 1320 2835 1366 2875; x_wconf 68' lang='lat' dir='ltr'><strong>ad</strong></span> <span class='ocrx_word' id='word_1_306' title='bbox 1389 2835 1524 2873; x_wconf 81' lang='lat' dir='ltr'><strong>Manil.</strong></span> 
     </span>
    </p>
   </div>
  </div>
 </body>
</html>
