1864 3132
925 219 1026 272 496

266 329 390 385 Rhod.
410 342 442 378 1,
470 333 562 376 922.
605 326 771 382 Εὔδοξος
789 326 828 369 ἔν
844 327 864 367 δ
882 328 954 375 τῆς

265 395 449 450 περιόδου.
489 396 556 444 ογῆς·
585 394 678 433 Cod.
696 394 816 433 Pafis.
835 397 954 438 2727.

265 462 357 500 Eur.
372 460 501 510 Suppl.
513 458 739 505 469=479.
762 461 793 497 εἷ
807 457 836 496 δ’
848 456 955 497 ἐστὶν

264 526 304 565 ἐν
323 525 386 579 τῇ.
423 523 462 563 ἐν
485 525 536 578 -γῇ
566 523 824 561 Marklandus.
866 521 954 560 Phi·

265 587 371 627 lostr.
388 587 556 626 ›Heroic.
597 600 634 637 p.
658 589 744 625 150.
786 585 954 623 Boisson.

265 655 308 693 ἐν
324 652 376 701 *γῆ
390 651 565 706 νοσούσῃ.
591 669 654 705 σγρ.
673 650 711 690 ἐν
726 652 778 705 τῇ
792 649 954 702 νοσούσῃ

266 717 306 755 in
340 716 507 768 margine
543 716 709 755 Morelli.
753 718 803 770 γῇ
838 713 955 752 rarius

267 781 417 828 excidit,
435 786 476 819 ut
492 781 530 818 in
549 781 645 818 Xen.
661 781 785 818 Anab.
802 791 843 825 V,
863 781 955 822 479.

268 844 327 883 καὶ
343 845 417 897 ’γοῖρ
436 844 474 884 ἐν
492 845 545 898 τῇ
571 844 665 898 [γῇ]
693 842 856 896 ἄρχουσι
874 842 956 878 Λα-

269 907 485 957 κεδαιμόνιοι
522 906 580 945 καὶ
615 907 654 945 ἐν
683 907 735 959 τῇ
764 901 955 956 θαλάττῃ.

269 973 383 1011 Eum.
417 975 509 1017 397.

269 1037 342 1085 τήν
357 1035 719 1089 καταφθατουμενῆν
747 1034 837 1072 Ald.
862 1034 957 1071 Rob.

269 1103 386 1142 Turn.
404 1101 627 1151 Ύῆν--μὲνη
648 1099 844 1138 Stanleius.
867 1100 958 1136 Eur.

270 1165 345 1205 Ph.
368 1169 484 1204 1202.
525 1168 571 1202 εἷς
589 1163 692 1210 τήνδ’
712 1162 801 1200 Ald.
826 1167 872 1201 els-
890 1163 960 1210 ’γῆν

271 1230 369 1279 eflR.
386 1230 434 1268 P.
462 1229 694 1280 Theophilus
709 1229 805 1278 apud
821 1228 960 1266 Athen.

274 1307 342 1342 XI,
360 1288 453 1338 4⁵72.
475 1294 523 1332 E.
566 1292 698 1332 Οὕτως
727 1290 851 1340 μα’την
879 1292 962 1337 τήν,

273 1359 491 1410 Legendum
525 1357 580 1405 μοῖ
612 1357 683 1402 ’τήν
717 1357 798 1405 γῆν,
835 1354 884 1392 R.
915 1354 961 1391 P.

275 1435 387 1474 quem
404 1422 489 1459 vide
515 1421 554 1458 in
581 1419 723 1457 Advss.
751 1432 788 1468 p.
810 1416 899 1456 126.
927 1422 964 1455 et

276 1485 372 1526 conf.
391 1487 466 1523 Av.
487 1488 584 1529 587.
616 1484 772 1522 Thesm.
799 1486 893 1526 307.
929 1489 966 1518 et

278 1552 431 1591 Foedera
457 1551 496 1589 in
515 1551 657 1588 Marm.
677 1547 965 1587 Arundellianis.

279 1617 459 1656 Herodot.
483 1630 513 1664 1,
541 1621 607 1655 30.
654 1618 700 1654 οἷς
728 1612 968 1667 φιλοσοφέων

279 1682 348 1728 τῆς·
366 1682 510 1726 πολλῆς·
526 1682 674 1735 θεωρίης·
689 1680 820 1717 εἵνεκεν
837 1677 970 1722 ἐπελή-

279 1749 402 1786 λυθας·
447 1746 517 1794 γῆν
551 1744 699 1790 πολλὴν
733 1749 807 1781 tres
851 1742 969 1780 MSS.

278 1814 379 1863 apud
418 1810 632 1862 Wesselz'ng.
678 1808 853 1858 Xenoph.
889 1807 973 1845 Me-

279 1879 424 1916 morab.
445 1889 496 1924 11,
512 1876 566 1923 iii,
589 1880 652 1914 13.
669 1879 715 1913 εἷς
735 1876 805 1921 τήν
822 1873 970 1919 ἐκείνου,

281 1943 437 1982 mallem
465 1943 535 1990 γῆν
562 1941 592 1980 ε’.
638 1941 796 1979 Aristot.
815 1952 876 1989 ap.
895 1939 973 1976 De-

283 2008 458 2048 metrium
486 2025 527 2045 π.
555 2007 663 2062 Ἑρμ.
701 2009 729 2054 §-
749 2009 839 2043 233.
879 2007 909 2041 εἰ
934 2001 974 2040 δέ

279 2074 378 2126 πρὸς
396 2070 550 2109 α’πάσας
579 2071 731 2124 οἴχεται
761 2069 831 2105 τοῖς·
854 2067 972 2118 φυγάς

285 2135 407 2176 οὗτος·
435 2138 503 2184 γᾶς
522 2134 680 2173 restituit
692 2131 974 2170 Valckenoerius.

286 2208 325 2242 2.
355 2200 526 2251 AEschyl.
547 2199 677 2249 Suppl.
698 2200 790 2235 345.
817 2195 894 2234 Ἴδε
913 2193 975 2243 μέ-

286 2283 357 2317 γαν
391 2265 513 2311 ἱκέτην
550 2263 700 2316 φυγάδα
745 2261 973 2316 πρόδρομον,

287 2331 320 2369 Ι.
338 2346 385 2378 με
403 2330 475 2367 τᾶν
493 2332 516 2366 ἱ.
535 2327 584 2365 R.
599 2327 647 2364 P.
676 2326 816 2377 Odyss.
830 2338 861 2373 1,
882 2323 975 2364 346.

268 2396 387 2447 (apud
419 2394 560 2431 Athen.
598 2404 664 2429 XI.
719 2404 756 2441 p.
792 2395 883 2435 477.
929 2390 975 2427 Β.

287 2458 385 2509 μέγα
419 2470 485 2508 pro
520 2455 673 2506 vulgato
716 2455 829 2503 μετά.
886 2453 977 2492 OEd.

577 970 680 1008 'Awd
713 967 956 1020 Σκαμάνδρου

292 2522 376 2562 Col.
395 2519 484 2560 865.
529 2518 621 2558 θεΐέν
637 2519 674 2566 μ’
691 2518 840 2570 ἄφωνον
858 2519 977 2565 τῆσδε

212 2613 219 2619 -
290 2588 358 2637 γῆς
374 2586 468 2641 ἀρᾶς
487 2583 559 2632 ἔτι,
589 2602 626 2621 τ.
657 2584 724 2630 τῆς
743 2583 835 2637 α’ρᾶς
861 2585 980 2623 TYR-

292 2663 510 2690 wart-rus.
540 2648 718 2687 Brunckii
737 2649 979 2689 calliditatem

294 2717 383 2758 satis
418 2715 546 2757 mirari
581 2726 731 2766 nequeo.
777 2714 866 2754 Eur.
887 2715 980 2755 Hec.

999 330 1092 367 355.
1135 327 1315 367 Cancer-us
1340 326 1436 378 μέγα
1470 338 1541 378 pro
1569 325 1687 376 μέτα,

999 395 1076 433 sine
1091 405 1219 432 causa.
1237 392 1287 431 R.
1301 392 1346 430 P.
1368 391 1576 430 Menander
1585 390 1686 441 apud

1001 457 1141 496 Athen.
1159 469 1219 504 VI,
1236 461 1327 495 248.
1342 457 1389 494 Β.
1417 459 1466 494 εἷς
1483 455 1554 504 ’γῆν
1571 454 1687 492 οἲκῖαν

999 520 1125 568 -τῆν
1141 524 1190 559 οἱ.
1219 520 1269 560 R.
1285 521 1332 558 P.
1364 519 1438 568 ‘De
1463 518 1546 557 loco
1569 516 1689 556 Athe-

1001 598 1148 637 nagorae
1178 587 1226 624 ab
1261 583 1435 624 Horsleio
1467 584 1520 633 (in
1543 581 1688 621 Tracts

997 665 1038 702 p.
1056 649 1146 702 56.).
1173 652 1286 689 citato
1305 650 1469 689 nondum
1484 648 1579 687 mihi
1597 646 1692 686 satis

1001 717 1126 768 liquet.
1168 717 1338 754 Verbum
1367 715 1438 764 γῆν
1467 713 1625 754 subinde
1650 712 1691 750 in

1002 786 1151 819 textum
1182 781 1329 831 irrepsit
1341 783 1371 826 ;'
1398 779 1483 817 vide
1516 776 1691 827 Xenoph.

1004 847 1144 897 Cyrop.
1166 858 1237 893 111,
1263 845 1301 893 ii,
1334 849 1394 890 19.
1434 843 1537 882 Hist.
1555 843 1627 882 Gr.
1647 851 1691 888 V,

1002 913 1052 959 iii,
1072 917 1108 950 2.
1166 911 1226 949 Sic
1244 910 1402 948 Photius
1419 910 1457 947 in
1479 908 1577 946 Lex.
1601 905 1693 944 MS.

1007 975 1176 1014 Galeano
1242 973 1421 1028 '‘Hpv‘rev.
1491 972 1696 1025 η’ρευξατο.

1005 1039 1145 1087 ἤντλει.
1198 1039 1310 1089 Lege,
1330 1037 1500 1090 ''prrev
1518 1035 1569 1074 R.
1582 1034 1628 1072 P*-
1646 1033 1696 1072 ad

1008 1103 1080 1141 Ph.
1099 1101 1191 1141 463.
1220 1102 1362 1140 Contra
1380 1099 1608 1150 Hesychius,
1626 1097 1697 1135 Γα·

1008 1167 1130 1220 φοίτα.
1159 1165 1322 1218 σκώληξ.
1352 1164 1548 1215 legendum
1567 1158 1698 1213 Γαφᾶ-

1009 1250 1088 1283 νγας.
1116 1238 1157 1270 ut
1174 1232 1262 1270 alibi
1279 1229 1507 1283 Στὲνυτρον,
1537 1229 1698 1281 εὖρυπω·

1011 1298 1202 1351 δὲστερον.
1240 1309 1306 1346 pro
1334 1294 1572 1347 Στένυγρον.-
1598 1291 1700 1344 εὔρυ-

1012 1362 1143 1409 πῶδες,
1172 1359 1322 1399 στενόν.
1350 1358 1400 1396 R.
1418 1358 1466 1396 Β.
1490 1355 1632 1402 Millio,
1659 1367 1700 1404 p.

1013 1429 1080 1470 77.
1120 1423 1253 1462 Pulcre
1281 1428 1318 1461 et
1351 1434 1448 1477 vere¹
1472 1421 1565 1459 Lex.
1590 1418 1703 1457 Rhet.

1016 1506 1048 1542 p.
1071 1494 1163 1530 230.
1201 1488 1404 1540 Γαφάγαςε
1447 1486 1600 1538 σκώληξ
1628 1482 1706 1522 ν’·τδ

1017 1555 1290 1608 Συρακουσίων,
1306 1551 1334 1590 ὃ
1341 1555 1441 1601 ἡμεῖς
1454 1552 1521 1600 γῆς·
1537 1549 1702 1602 ἔντερον.

1018 1619 1134 1657 Plane
1152 1617 1325 1655 convenit
1349 1613 1517 1666 Etymol.
1533 1613 1592 1650 M.
1611 1615 1706 1657 221,

1019 1688 1085 1728 49.
1115 1682 1170 1721 D.
1190 1681 1240 1719 R.
1259 1681 1307 1719 ad
1323 1680 1350 1718 l.
1385 1679 1413 1718 Γ
1431 1683 1467 1717 et
1485 1679 1525 1716 *1*
1543 1687 1709 1716 nonnun-

1020 1761 1134 1801 quam
1151 1746 1440 1790 confunduntur3
1465 1743 1574 1781 Bion.
1588 1744 1709 1789 xv‚’7.

1023 1819 1048 1836 “
1063 1812 1281 1863 εψειῖσατο,
1298 1823 1372 1849 non
1384 1808 1608 1858 ἐγεύσατο.”
1637 1805 1708 1844 Ca·

1021 1879 1121 1918 saub.
1164 1882 1261 1916 notae
1297 1875 1417 1914 MSS.
1459 1873 1558 1924 apud
1594 1870 1644 1909 R.
1659 1869 1707 1907 Β.

1023 1942 1057 1979 Υ
1077 1947 1115 1978 et
1137 1942 1171 1978 T
1194 1939 1348 1988 saepius3
1378 1935 1584 1974 Menander
1609 1931 1708 1983 apud

1025 2006 1204 2051 Nonium,
1221 2017 1258 2041 v.
1274 2003 1453 2040 Servare:
1472 1999 1587 2050 vulgo
1600 1997 1708 2051 τηρεῖ

1024 2072 1094 2108 τόν
1117 2070 1221 2115 ἥλιον
1244 2068 1425 2122 τάποχω·
1463 2072 1488 2090 “
1504 2066 1542 2104 in
1559 2063 1709 2116 optimis

1022 2135 1156 2173 nostris
1177 2133 1406 2172 membranis
1439 2131 1589 2170 ΤΗΡΩ
1618 2129 1713 2169 ΤΟ-

1026 2196 1547 2237 ΝΑΙΑΥΟΝΤΑΤΙΟΧΩ.
1571 2195 1711 2241 Senbe,

1026 2285 1077 2293 —
1096 2285 1147 2295 -
1171 2262 1284 2315 Τηρῶ
1303 2262 1372 2298 τᾶν
1389 2261 1467 2299 Δία

1017 2327 1167 2364 Ὕοντα
1182 2324 1325 2362 παλαί’)
1343 2322 1376 2361 J
1376 2352 1385 2361 .
1399 2322 1555 2365 ,Vossius
1571 2323 1622 2362 ad
1639 2321 1716 2360 CR·

1027 2391 1107 2431 tull.
1138 2404 1174 2440 p.
1193 2393 1286 2438 240.
1338 2388 1410 2426 Sed
1436 2389 1475 2426 in
1502 2388 1591 2426 MS.
1620 2386 1715 2436 Reg.

1040 2449 1682 2498 ΤΗΡοοτοΝῖι-ιᾱτοκτατιοκω·

1029 2523 1123 2560 unde
1139 2555 1142 2558 ⁴
1159 2521 1253 2560 eruit
1293 2520 1343 2559 R.
1356 2519 1483 2567 B.,-
1497 2518 1610 2570 Tnpfi
1645 2517 1716 2556 τὸν

1030 2589 1107 2627 Δία
1345 2583 1422 2624 Τόν
1452 2585 1488 2622 τ’
1517 2581 1710 2622 Ἀπόλλω.

1031 2651 1138 2701 Virg.
1158 2650 1251 2688 Geo.
1267 2661 1298 2687 1.
1317 2650 1410 2689 335.
1434 2645 1512 2686 coeli
1527 2657 1663 2687 merua
1679 2649 1718 2684 et

1031 2715 1153 2757 sidera
1170 2726 1291 2754 serva.
