1864 3132
985 211 1145 279 58]

298 334 538 383 Passerat.
587 334 780 383 Marcil.
828 341 878 382 et
922 334 1059 383 Voss.
1106 342 1230 384 teste
1275 336 1459 384 editore
1503 337 1735 385 Cantabr.

294 411 544 475 magisac
566 410 746 475 magis.
810 412 933 472 Quae
956 412 1184 468 lectio‘ad
1205 431 1394 471 yersum
1419 415 1624 479 perinde
1646 421 1733 464 est.

295 489 532 537 Rescribo
555 495 719 536 autem
741 508 751 538 ε

187 589 246 628 31
365 575 532 636 *Quis
555 576 676 625 deus
699 577 868 642 magis
890 577 957 626 αΙι
977 578 1244 643 magisque

294 665 383 713 Vel
404 665 573 729 magis
596 664 625 713 ὃ
647 665 927 730 magisque,

355 752 403 801 2.
441 752 576 800 Vers.
602 764 671 806 87.
710 751 855 801 Flere
878 753 1046 801 desine
1062 771 1078 800 .·
1115 770 1215 801 non
1239 752 1343 811 tibi,

709 828 1070 887 Aurunculeia,
1100 828 1384 892 periculum
1407 834 1493 886 est,

291 916 431 964 Fecit
465 917 545 965 hic
585 934 737 981 prava
774 918 1065 983 syllabarum
1083 974 1094 980 ,s
1112 919 1386 966 distributio
1425 924 1480 965 ut
1524 918 1761 982 uterque'

288 1009 453 1041 versus
475 993 676 1042 laboret.
748 995 831 1043 Tu
856 1011 972 1042 vero
1000 996 1220 1058 protinus
1243 1011 1428 1058 repone
1450 1014 1460 1044 :

711 1079 857 1129 Flere
880 1079 1047 1129 desine
1063 1099 1079 1128 .·
1115 1098 1216 1129 non
1238 1080 1327 1128 tibi
1348 1081 1447 1128 Au-

709 1158 1022 1216 1·unculeia,‘¹3
1050 1157 1334 1221 periculum
1357 1162 1445 1214 est,

339 1267 380 1306 3.
418 1256 553 1306 Vers.
580 1265 673 1307 136.
714 1257 982 1307 Sordebam
1005 1257 1107 1316 tibi,
1141 1257 1356 1306 ὀἱίἰίοε44

716 1333 1012 1393 Concubine,
1035 1334 1178 1383 hodie
1200 1341 1348 1399 atque
1371 1331 1491 1380 heri.

289 1430 399 1478 Hoc
435 1438 580 1495 pacto
615 1448 714 1480 non
754 1433 907 1480 solum
941 1449 1132 1481 versum
1168 1432 1452 1495 neutiquam
1488 1431 1730 1478 sincerum

291 1509 543 1567 habemus,
589 1508 674 1558 sed
713 1510 1001 1558 sententiam
1046 1510 1211 1558 itidem
1256 1509 1379 1557 adeo
1418 1508 1632 1571 ineptam
1677 1511 1733 1554 ut

291 1586 410 1634 nihil
435 1603 596 1651 supra.
656 1588 713 1636 In
739 1605 836 1636 var.
862 1588 992 1636 lectt.
1018 1588 1202 1652 optime
1225 1591 1616 1652 repraesentatur,

710 1676 986 1724 Sordebant
1009 1675 1099 1723 tibi
1122 1676 1308 1733 villicae,

333 1773 379 1811 4.
418 1762 554 1812 Vers.
581 1774 674 1817 192.
719 1763 856 1811 Uxor
876 1763 930 1811 in
954 1763 1173 1811 thalamo
1198 1769 1271 1810 est
1293 1761 1382 1810 tibi

713 1838 812 1887 Ore
817 1838 1059 1904 floridulo
1082 1838 1259 1887 nitens.

485 1923 706 1989 Repone,

453 2062 455 2065 .
714 2002 850 2052 Uxor
877 2004 931 2052 in
954 2003 1172 2053 thalamo
1195 2003 1285 2052 tibi
1307 2009 1393 2052 est.
1407 2003 1445 2030 4⁵

264 2160 269 2161 ⁷
337 2102 378 2141 5.
415 2089 551 2140 Vers.
577 2103 676 2141 222.
714 2090 925 2150 Manlio,
957 2083 1008 2140 'et
1016 2091 1178 2159 facile
1199 2091 1373 2140 insciis

707 2167 997 2218 Noscitetur
1019 2168 1082 2217 ab
1107 2168 1349 2227 omnibuS,

707 2244 778 2294 Et
792 2245 1090 2311 pudicitiam
1112 2261 1216 2294 suoe

288 2332 561 2382 Verborum
599 2333 771 2383 insciis
815 2342 865 2383 et
907 2332 1133 2383 omnibus
1178 2334 1315 2382 sedes
1354 2333 1727 2385 intermutandae

286 2415 430 2459 sunt:
1418 2424 1423 2427 '
1530 2427 1535 2429 ⁴

940 2536 942 2540 s
1052 2497 1215 2563 facile
1236 2497 1460 2546 omnibus

705 2572 992 2624 Noscitetur
1014 2574 1077 2623 ab
1101 2572 1265 2623 insciis
1465 2570 1535 2620 Et

337 2701 402 2736 43.
431 2697 656 2735 Auruncleia
676 2698 723 2735 R.
743 2699 788 2736 Β.
1032 2698 1162 2735 audias
1178 2721 1233 2727 —
1254 2702 1341 2743 109.
1386 2708 1452 2746 pro
1487 2696 1726 2747 complexum

337 2766 402 2800 44.
435 2760 587 2799 Villicus
604 2760 668 2807 96.
688 2760 866 2809 Prodeas,
878 2774 978 2800 *nova
1031 2762 1198 2800 collulum
1211 2785 1266 2791 —
1280 2763 1327 2800 R.
1339 2761 1385 2799 Β.

283 2833 413 2878 nupta,
468 2827 526 2876 (fi
566 2824 654 2865 Jam
707 2826 876 2878 videtur)
935 2832 977 2865 ut
1086 2830 1151 2866 45.
1178 2827 1246 2866 tibi
1263 2831 1330 2866 est.
1360 2825 1407 2864 R.
1421 2826 1464 2864 B.

1860 2431 1864 2442 -
1854 2043 1864 2357 ...,..ᾳ-ιι-ῌΑΛ...
1862 1995 1864 2014 Α.
