1864 3132
832 209 932 258 583

170 313 489 364 Desideratur
519 316 583 364 ad
615 296 864 365 orationisx
883 315 1217 383 integritatem
1246 314 1447 364 verbum
1487 313 1598 361 sub·

158 393 454 459 junctivum,
473 409 570 459 quo
586 394 828 456 referatur
843 418 886 446 ες
902 418 936 443 τ
957 419 1010 444 αν
1026 416 1037 443 :
1072 393 1205 458 quod
1221 399 1384 441 tamen
1399 391 1601 440 verbum

168 471 415 518 subaudiri
437 471 672 520 sermonis
696 472 845 520 Attici
869 472 992 520 ratio
1028 487 1127 519 non
1162 470 1358 534 patitur.
1428 466 1603 531 Itaque

170 546 368 594 omnino
390 549 722 612 reponendum
745 555 835 606 est,
871 549 1003 612 quod
1035 547 1195 597 scriba
1226 561 1258 594 a
1287 545 1484 595 librario
1505 543 1605 592 dic-

170 628 307 671 tante
331 623 488 672 minus
514 623 739 674 distincte
762 626 974 675 audivit:

263 742 273 757 ι
727 735 770 764 ες
803 738 836 763 τ
870 738 924 762 αν
960 724 1022 762 ΗΙ
1057 711 1209 771 κὸημος
1236 711 1470 779 χθονος·.3“1

174 797 284 862 Iph.
310 799 361 846 in
385 800 495 848 Aul.
522 800 580 849 V.
605 811 703 850 383.

735 889 794 938 ὠν
826 911 923 956 Ὑαρ
958 911 1143 948 εκτησω,
1179 910 1316 940 κακως

295 969 464 1030 Ηρχες·
510 989 579 1015 em·
613 990 708 1030 εγω
741 964 862 1025 δικην
889 966 1014 1016 δωσω
1049 989 1187 1015 κακων
1214 966 1239 1014 ὁ
1267 987 1329 1023 μη
1361 961 1578 1030 σφαλεις]

176 1053 206 1083 *
222 1051 345 1112 Quae
383 1053 515 1103 enim
543 1055 851 1118 possidebas,
890 1055 992 1105 illis
1031 1055 1161 1105 male
1201 1052 1479 1121 Praefuisti.
1534 1051 1615 1101 An

175 1130 338 1195 igitur
375 1147 469 1194 ego
499 1147 678 1195 poenas
711 1132 838 1182 dabo
872 1133 1122 1183 maloram
1154 1138 1366 1189 tuorum,
1405 1128 1615 1195 quinon

169 1208 393 1274 peccavi.
463 1210 542 1258 Ita
571 1211 878 1276 interpretes,
950 1212 1191 1260 Viderunt
1211 1209 1396 1259 scilicet
1417 1214 1617 1257 tuorum

178 1287 242 1333 ad
264 1287 585 1335 necessariam
608 1290 866 1338 sententiae
889 1288 1141 1353 emphasin
1167 1287 1445 1337 desiderari.
1503 1285 1619 1336 Nee

179 1377 298 1410 vero
317 1384 406 1410 σων
427 1362 479 1410 in
502 1363 681 1412 Graeca
703 1366 924 1414 oratione
941 1365 1188 1414 subaudiri
1210 1363 1393 1428 patitur
1411 1362 1620 1412 alterum

181 1439 312 1487 istud
334 1461 444 1503 ενγω.
514 1439 672 1488 Porro
711 1447 875 1489 autern
914 1447 1087 1505 peccat
1118 1440 1265 1490 lectio
1301 1446 1501 1504 recepta
1535 1438 1622 1486 ad·

183 1531 354 1565 versus
402 1523 694 1565 commatum
751 1518 1107 1566 trochaicorum
1161 1517 1417 1575 rationem,
1474 1530 1622 1580 quam

184 1602 347 1660 poetae
390 1595 568 1662 tragici
611 1595 891 1644 inviolatam
944 1596 1216 1655 servabant,
1273 1611 1384 1660 quae
1439 1594 1626 1645 scilicet

187 1671 434 1738 exigebat,

818 1758 949 1825 finis
970 1766 1027 1808 ut
1051 1758 1220 1826 quarti
1232 1758 1377 1823 pedis

258 1832 491 1882 Nominis
511 1835 711 1885 verbive
718 1837 830 1901 fine
853 1853 1042 1886 comma
1058 1836 1281 1901 primum
1301 1835 1599 1891 clauderet.†

194 1921 407 1988 Utrique
430 1924 557 1971 malo
579 1939 678 1972 uno
704 1924 901 1989 negotio
925 1925 995 1973 sic
1017 1924 1398 1974 subveniendum
1422 1930 1498 1972 est
1515 1943 1530 1974 ε

265 2016 433 2078 Ηρχες·
471 2034 541 2060 en·
562 2034 657 2075 ε’γω
681 2011 794 2071 δικην
815 2022 894 2061 ΔΩ
918 2019 1033 2062 ΣΩΝ
1057 2035 1198 2062 κακων
1219 2012 1244 2061 ὁ
1266 2035 1324 2072 μη
1344 2010 1633 2079 spaletum

254 2147 345 2180 314.
388 2142 517 2187 Quam
551 2142 690 2192 recepit
739 2141 892 2180 Valcke-
946 2147 988 2178 tu
1019 2153 1161 2192 pecces,
1196 2154 1266 2193 ego
1299 2144 1475 2192 arguar?
1516 2139 1568 2179 R.
1587 2139 1635 2180 P.

201 2205 348 2244 noerizw.
946 2205 1088 2245 Advss.
1116 2217 1153 2255 p.
1172 2208 1280 2252 250„
1311 2203 1462 2250 Tracts,
1489 2216 1527 2254 p.
1545 2207 1640 2243 30³.

245 2270 376 2314 †Vide
387 2269 603 2307 Markland.
618 2270 665 2307 ad
683 2270 710 2308 l.
727 2275 764 2308 et
781 2269 832 2308 R.
846 2270 892 2308 P.
948 2269 1032 2319 Iph.
1048 2270 1097 2307 T.
1119 2273 1235 2314 1087.
1277 2269 1339 2307 Ου’
1358 2269 1524 2324 καθαρδν
1540 2267 1638 2307 ὄντα

204 2335 348 2374 PRAEF.
365 2333 579 2380 xlviii=lii‚
595 2333 648 2371 iii.
949 2334 1050 2372 τόνδ’
1084 2334 1191 2373 ὅσιον
1224 2333 1330 2372 δύσω
1367 2332 1483 2387 φόνῳ.
1538 2338 1564 2358 “
1585 2333 1644 2373 Ut

249 2402 343 2439 315.
361 2404 385 2422 “
399 2398 511 2436 Hanc
522 2398 803 2436 emendationem
809 2411 897 2447 pro-
948 2401 1069 2434 metro
1085 2402 1123 2434 et
1138 2396 1262 2435 sensui
1278 2396 1393 2436 simul
1410 2395 1640 2443 consulatur,

208 2467 269 2504 bat
302 2463 432 2503 David
458 2462 702 2500 Ruhnkenius
737 2463 787 2500 ad
820 2463 843 2501 J
847 2462 895 2500 ul.
948 2460 1169 2511 legendum:
1215 2460 1276 2499 Οὐ
1302 2461 1466 2515 καθαρὸν
1490 2459 1586 2498 ὄντα
1604 2458 1642 2499 σ·

210 2529 399 2568 Rufinian.
428 2528 471 2566 de
499 2526 585 2578 fig.
610 2526 714 2564 Sent.
736 2531 773 2564 et
793 2526 896 2564 Eloc.
948 2522 1101 2563 ἀνόσιοι
1116 2524 1157 2564 δέ
1173 2526 1231 2578 σᾷ
1241 2524 1355 2579 φόνῳ.
1375 2526 1643 2564 TYRWHITT.

210 2597 275 2638 37.
298 2606 338 2643 p.
358 2596 449 2631 222.
477 2595 514 2628 et
540 2590 598 2628 ita
624 2590 742 2628 edidit
765 2590 899 2628 Mark-
950 2589 990 2626 in
1021 2590 1122 2639 App.
1153 2590 1203 2628 aad
1237 2590 1436 2642 Μαι-ἔναυ.
1480 2603 1519 2640 p.
1551 2594 1643 2631 144.

212 2656 381 2694 landus.”
409 2654 460 2691 R.
475 2652 523 2691 P.
543 2653 590 2691 ad
610 2652 660 2691 R.
676 2652 730 2691 D.
763 2658 789 2677 “
812 2653 901 2691 Imi-
955 2654 1111 2693 Lucian.
1173 2656 1212 2694 in
1267 2656 1421 2694 dearum
1486 2655 1642 2706 judicio,

211 2726 314 2759 tatur
325 2719 467 2758 Ennius
483 2719 677 2769 Iphigenia
693 2719 795 2769 apud
811 2719 899 2756 Rus.
956 2731 987 2766 1,
1018 2717 1111 2765 267.
1148 2721 1271 2759 ΠΛΡ.
1311 2720 1441 2758 οὐκοῦν
1465 2721 1526 2760 ἐπὶ
1553 2721 1646 2760 τού·

211 2783 238 2820 1.
252 2795 286 2821 c.
317 2783 373 2822 Ut
386 2796 452 2834 ego
464 2783 623 2832 plectar,
640 2782 899 2835 buddinquas:
956 2800 1034 2824 roas·
1052 2784 1174 2835 δίδωμι
1193 2785 1244 2823 vd
1258 2785 1392 2833 μῆλον,
1409 2783 1473 2824 ἐπὶ
1489 2785 1642 2826 τούτοις

1647 1059 1740 1102 341
