1864 3132
946 231 1045 280 158

298 394 301 396 ι
341 341 403 385 Συ
432 333 457 384 δ
484 359 534 385 ου
560 340 806 386 καταθειναι
833 335 1013 399 &avet-:13
1068 343 1185 388 ΦΕΙ.
1215 343 1606 397 ΦΥΛΑΞΟΜΑῙ,

342 418 456 479 Πριν
484 436 536 462 αν
565 435 602 477 *γ
631 412 703 463 ιδω
733 438 790 464 το
819 420 987 474 πληθος
1015 416 1087 465 ὁτι
1115 417 1395 478 βουλευεται.

274 501 403 551 Tan.
430 501 593 551 Fabro
615 504 913 570 interprete:
969 504 1052 555 Tu
1084 522 1200 554 vero
1231 506 1469 570 deponere
1498 505 1624 556 bona
1647 505 1702 555 in

273 593 527 639 commune
548 596 648 627 non
662 596 823 643 paras
841 582 867 630 ,7
934 581 1067 631 ΡΗΙ.
1109 581 1168 631 Id
1201 599 1292 646 ego
1325 585 1507 632 cavebo
1533 583 1701 646 prius-

274 674 424 724 quam
443 658 653 708 viderim
675 661 792 726 quid
813 659 1007 710 consilii
1029 661 1195 725 capiat
1220 662 1451 726 populus.

274 744 373 787 826.
742 745 802 791 As·
830 761 867 802 ‘y
897 762 992 802 6⁴7oe
1021 743 1416 797 ΦΥΛΑΞΟΜΑΙ,

418 821 491 873 Νη
517 841 597 866 τον
626 816 840 876 Ποσειδω,
875 842 934 875 μη
962 839 1265 883 κατουρησωσι
1291 840 1388 873 μου.

274 894 443 942 eodem
465 895 762 960 interprete:
820 895 940 956 Quae
974 911 1037 944 ne
1068 912 1146 944 me
1180 894 1487 953 commeiant,
1522 895 1705 944 cavebo

272 971 455 1036 sedulo.
528 973 684 1021 Porro
727 980 887 1022 autem
928 973 1354 1032 constructionem,
1402 990 1546 1038 quam
1591 990 1706 1040 sug·-

271 1049 402 1115 gerit
433 1048 743 1110 Scholiastes,
780 1057 907 1114 Ρᾳων
944 1054 1244 1118 φυλαχθηναι,
1294 1051 1443 1099 Attici
1482 1051 1705 1101 reformi-
1738 1116 1741 1119 ι

274 1127 470 1175 dabant.
540 1127 582 1175 Ii
618 1128 890 1193 hujusmodi
924 1128 1172 1194 adjectivis
1206 1128 1356 1191 verba
1384 1128 1708 1195 subjiciebant

274 1204 484 1259 notionis
523 1222 622 1253 non
665 1206 754 1253 nisi
794 1206 870 1254 vel
904 1206 1075 1256 activae
1114 1205 1192 1254 vel
1229 1206 1463 1254 neutrius.
1545 1205 1705 1269 Ipsius

275 1281 411 1331 Med.
437 1299 486 1331 v.
511 1290 597 1332 316
620 1284 811 1347 [=317.
837 1283 900 1331 R.
925 1280 1014 1348 P..]

438 1366 597 1424 Λε-γεις
625 1366 911 1410 ΑΚΟΥΕΙΝ
924 1361 961 1387 ⁵⁸
996 1364 1336 1409 ΜΑΛΘΑΚ-

274 1445 374 1492 675.
398 1445 537 1497 (673.)
567 1445 844 1488 ΣΟΦΩΤΕΡ
873 1463 899 1497 η
928 1462 1016 1488 κατ
1035 1438 1171 1505 ανδρα
1201 1439 1573 1489 ΣΥΜΒΑΛΕῘΝ
1603 1459 1702 1508 conl.

275 1513 422 1579 Soph.
449 1515 560 1563 OEd.
587 1514 708 1579 Tyr.
729 1522 828 1569 689.
855 1515 1001 1579 (674.)

1139 1517 1183 1563 αἱ
1212 1513 1258 1564 δε
1287 1537 1490 1562 τοιαυται
1517 1520 1670 1580 φυσεις

441 1597 605 1644 Αυταις·
631 1590 794 1645 δικαιως
821 1616 929 1642 eto-cv
956 1598 1249 1643 ΑΛΓΙΣΤΑΙ
1279 1597 1525 1642 ΦΕΡΕΙΝ.

273 1669 438 1720 AEsch.
463 1687 574 1736 pag.
606 1683 670 1726 19.
695 1671 726 1720 l.
753 1683 793 1725 7.
831 1672 944 1719 edit.
970 1672 1033 1720 H.
1060 1668 1228 1736 steph.
1255 1671 1334 1732 (P.
1361 1671 1419 1719 V.
1446 1672 1570 1733 238.)

340 1754 627 1798 ΠΑΣΧΕΙΝ
654 1773 733 1806 μεν
761 1755 1187 1809 ΑΛΓΕῙΝΑΙΣΙΝ,
1218 1754 1585 1799 ΟΙΚΤΡΑΙΣΙΝ
1616 1746 1641 1797 ὃ

508 1833 704 1876 ΙΔΕΙΝ.

170 1912 237 1963 99
275 1905 303 1936 *
322 1921 437 1970 pag.
468 1916 562 1953 185.
587 1904 618 1952 l.
642 1917 669 1954 4
695 1905 891 1970 (Agam.
916 1905 1056 1967 262).

397 1990 549 2050 Πευσῃ
577 1981 623 2032 δε
650 2006 806 2049 χαρμα
837 1978 1080 2031 ΜΕΙΖΟΝ
1110 1981 1284 2035 exn-1809
1313 1987 1569 2031 KAYEIN.

330 2144 393 2179 58.
421 2140 580 2178 οἷκοῖῙσ-αι
608 2139 783 2177 editiones
820 2135 966 2174 “a’xou'-
1018 2135 1140 2191 στέγῃ
1173 2137 1313 2175 Hunis·
1346 2138 1503 2177 α’κοῦσαι
1533 2137 1706 2188 ψεκάδος·

230 2235 233 2238 Α
273 2220 324 2244 ειν
307 2205 431 2242 vcitat
453 2203 662 2248 Dawesffls,
681 2202 744 2239 sed
760 2202 964 2240 mutatione
1018 2203 1119 2241 εὗδον
1101 2204 1171 2258 υσἠ
1217 2206 1335 2258 φρενῖ
1406 2204 1501 2255 quod
1545 2205 1706 2243 crebrius

275 2271 368 2310 nihil
381 2283 484 2319 opus.
487 2293 540 2298 —
541 2268 622 2305 ''.R
637 2269 682 2306 P.
697 2267 780 2305 adl.
758 2266 964 2369 0aAEschyl.
1018 2268 1184 2306 imitatus
1202 2274 1258 2306 est
1275 2268 1457 2316 Tibullus,
1481 2269 1596 2307 semel
1614 2269 1708 2307 Mil-

276 2333 447 2382 Choeph.
468 2337 503 2370 5.
544 2334 628 2370 κλύε
612 2349 673 2379 ειν,
708 2333 754 2369 οἰκ
782 2332 878 2370 Buca
904 2331 964 2352 ⁹¹⁵*
1017 2337 1136 2369 tonus.
1207 2331 1318 2377 Quod
1353 2332 1397 2370 de
1433 2331 1546 2370 Iliade
1582 2331 1619 2369 Ω
1653 2330 1709 2369 in-

277 2401 419 2439 Contra
473 2397 667 2435 Schrader.
722 2349 863 2435 PORAEF.
916 2396 964 2433 ad
1016 2397 1142 2448 gessit,
1170 2396 1346 2446 praecipiti
1373 2397 1525 2435 consilio
1548 2396 1710 2435 conscri-

277 2462 475 2501 Emendat.
492 2460 536 2498 P.
553 2473 638 2497 ΧΗ.
668 2461 757 2498 citat
777 2465 965 2498 auctorem
1018 2461 1165 2499 billavit
1179 2460 1227 2498 R.
1244 2460 1299 2498 D.
1336 2460 1604 2510 Amplissimus
1619 2471 1707 2498 vero

277 2529 322 2566 de
356 2526 554 2576 Lapidibus
575 2530 666 2570 394.
700 2524 784 2563 εὖτε
801 2542 847 2574 με
868 2523 966 2563 παῖδ’
1018 2537 1174 2573 campus
1202 2523 1376 2573 aperitur,
1407 2523 1444 2560 in
1467 2534 1575 2572 quem
1595 2521 1708 2560 liben-

276 2593 444 2632 ἐδίδασκε
429 2607 465 2628 εν
489 2588 739 2643 Ἀερσέκομης·
762 2590 966 2644 ἀγορεῦσαι
1019 2589 1162 2628 tissime
1179 2590 1378 2627 discurrere
1395 2592 1433 2625 et
1449 2587 1611 2638 quodam
1624 2587 1709 2638 jure

279 2657 399 2695 ——sed
420 2656 462 2692 P.
484 2667 579 2692 xlv.
622 2660 732 2701 recte,
768 2656 819 2703 a’ey
821 2655 924 2709 ορεύε
1017 2653 1198 2691 luxuriari
1215 2666 1385 2703 possem;
1424 2651 1521 2690 sed
1512 2664 1550 2689 111
1567 2651 1627 2690 his
1643 2651 1709 2689 ad-

283 2720 403 2771 soph.
423 2719 520 2769 apud
547 2719 627 2756 Cic.
652 2720 700 2756 ad
726 2719 839 2757 Attic.
861 2732 912 2766 11,
932 2725 968 2764 7.
1022 2718 1281 2756 notatiunculis
1300 2721 1385 2755 sunt
1402 2716 1574 2767 quaedam
1593 2714 1709 2754 veluti

283 2805 351 2827 καν
386 2786 458 2823 ὑόπ
492 2781 612 2837 στέγῃ
653 2800 722 2821 πυκ
727 2784 786 2821 mis·
827 2786 873 2821 (ἐκ
899 2782 969 2822 υἰνε
1021 2782 1210 2834 repagula,
1228 2795 1309 2833 quae
1326 2793 1386 2818 me
1401 2780 1542 2831 longius
1562 2792 1710 2830 progre—

284 2849 455 2903 ψεκάδος
486 2850 604 2904 φρενί.
661 2847 770 2899 Lege,
801 2865 868 2887 nau
877 2801 971 2888 omre*
1023 2848 1182 2887 dientem
1200 2846 1305 2898 quasi
1322 2846 1468 2897 cingulo
1486 2850 1666 2885 coercent.
