1786 3178
740 259 1033 292 ,ruffinum
1540 286 1543 288 ,
1558 239 1607 284 xi

174 368 297 410 rum,
333 351 543 416 denique
572 359 664 398 usu
692 349 976 406 carentium,
1015 348 1256 397 affectatio
1287 355 1339 395 et
1368 349 1606 411 impotens

164 439 463 505 jactatio.''*
531 438 863 501 Quisquamne
905 438 998 485 hoc
1044 438 1104 484 de
1151 435 1381 485 Dawesio
1426 437 1606 484 dictum

162 522 378 587 credat?
459 523 544 572 Ne
589 522 696 586 quis
746 527 906 569 catum
962 521 1102 568 istum
1152 538 1401 571 censorem
1447 523 1606 571 minus

158 597 305 659 ‘bona
356 610 450 658 fide
493 610 773 674 loquentem
825 607 1171 670 deprehendat,
1243 614 1273 633 “
1309 610 1607 657 commodam

175 697 266 745 sibi
311 713 373 745 ex
415 697 491 744 his
534 695 744 743 dumetis
788 693 1018 756 erependi
1062 694 1228 741 viam”
1299 695 1607 760 excogitavit.

177 784 338 833 Voces
359 783 542 832 scilicet
563 783 773 831 incertas
795 781 1025 844 tanquam
1049 780 1317 828 tendiculas
1348 781 1611 829 identidem

165 873 360 938 injecit,
395 878 446 921 et
466 878 609 920 caute
630 870 968 934 pudenterque
991 868 1156 915 laudes
1196 883 1306 914 suas
1339 869 1611 932 spargendo

177 959 340 1007 odium
381 957 586 1023 effugit.·
638 957 971 1004 Veruntamen
1003 970 1171 1001 omnes
1206 962 1376 1018 aperte
1412 954 1612 1002 confite·

177 1047 363 1094 buntur
403 1046 548 1094 istum
595 1044 717 1092 mira
758 1042 949 1091 solertia
994 1057 1097 1090 rem
1141 1041 1514 1099 administrasse,
1573 1038 1613 1087 si

109 1149 114 1154 ·
176 1139 486 1198 perspectum
510 1132 749 1179 haberent
768 1129 830 1177 R.
866 1129 1048 1176 idcirco
1071 1126 1302 1176 Dawesio
1327 1135 1431 1175 sese
1453 1127 1616 1191 perin-

177 1217 369 1266 fensum
393 1218 723 1280 acerbumque
746 1215 1026 1279 praebuisse,
1061 1220 1116 1261 ut
1139 1211 1286 1262 Misc.
1319 1211 1439 1260 Crit.
1465 1211 1617 1276 spolia

177 1303 338 1367 opima
386 1305 438 1352 in
483 1318 622 1351 suum
668 1318 807 1350 usum
854 1301 1000 1348 tacite
1045 1305 1363 1365 congereret:
1420 1304 1453 1323 “
1475 1299 1615 1347 nobis

176 1389 386 1438 liberalis
430 1398 480 1439 et
523 1391 728 1457 ingenui
773 1389 981 1437 hominis
1032 1389 1238 1446 videtur,
1284 1388 1483 1435 laudare
1528 1403 1618 1451 per

182 1494 302 1542 quos
341 1480 636 1542 profecerit;
685 1478 976 1543 impudentis
1020 1485 1070 1531 et
1107 1478 1339 1542 protervi,
1387 1475 1618 1524 insultare

179 1562 254 1618 iis,
289 1578 409 1626 quos
442 1563 770 1627 compilaverit
788 1564 1013 1611 :’'—-sed
1046 1564 1110 1609 ad
1143 1578 1262 1610 rem.

184 1702 385 1740 DAwnsn
412 1701 654 1739 Miscellanea
682 1700 823 1739 Critica
852 1713 876 1737 a
930 1700 1171 1739 Miscellanea
1200 1702 1341 1739 Critica
1373 1701 1413 1739 in
1443 1703 1621 1741 sectiones

236 1765 389 1803 Reiskio
414 1766 464 1802 ad
480 1779 627 1803 examen
646 1771 818 1803 revocata
837 1765 875 1801 in
984 1766 1138 1815 quinque
1199 1765 1399 1815 dispertita
1460 1767 1621 1818 Scripsit

235 1829 350 1868 Actis
366 1829 518 1868 Erudit.
550 1829 630 1868 Jul.
650 1834 766 1874 1750.
810 1843 874 1879 pp.
986 1829 1256 1867 Rmnmnus
1286 1831 1461 1879 Dmns,
1492 1833 1542 1869 A.
1561 1832 1618 1868 M.

235 1897 463 1932 411—420.
510 1893 569 1931 J0.
588 1893 719 1931 Jacobi
738 1892 873 1929 Reiske
986 1892 1232 1944 Cantabrigiae
1264 1897 1311 1935 17
1315 1896 1378 1931 45.

236 1957 564 1996 arnimadversiones
577 1958 626 1995 ad
636 1957 872 2007 Sophoclem.

176 2051 179 2054 Α
236 2020 377 2071 Lipsioe
399 2026 515 2066 1753.

231 2109 548 2160 OEd.Tyr.l5l9.
567 2110 738 2163 περιΐδης.
758 2114 873 2160 p.23.
929 2109 1228 2149 ΠΕΡῙΙΔΗΙΣ.
1258 2122 1293 2157 ρ.
1314 2106 1404 2147 268.

228 2173 351 2224 [Vitio
394 2174 585 2212 memoriae
631 2180 758 2212 actum
802 2174 878 2224 egit

186 2237 381 2284 Reiskiu53
437 2238 609 2290 quamvis
653 2239 875 2288 exemplaris

186 2287 332 2350 copiam
350 2302 451 2340 haud
464 2304 518 2341 ita
535 2303 677 2353 pridem
694 2304 741 2341 ab
754 2303 876 2341 amico

187 2371 318 2404 nactus
342 2367 380 2403 in
399 2368 507 2406 Actis
527 2368 766 2406 Eruditorum
782 2381 875 2416 opus

184 2429 277 2467 illud
295 2441 447 2467 aureum
464 2432 704 2469 recensuerit:
730 2431 875 2469 animus

129 2540 139 2545 N
187 2499 314 2533 tamen
344 2495 439 2533 inter
464 2488 696 2534 scribendum
718 2508 742 2534 a
759 2490 874 2535 Misc.

253 2645 392 2682 *Aeta
426 2643 528 2692 Lips.
563 2648 677 2688 1750.
712 2658 774 2696 pp.
793 2649 886 2692 411,
918 2650 980 2684 12.
1044 2650 1069 2667 “
1102 2643 1224 2696 Hujus
1270 2647 1490 2686 recensionis
1530 2661 1617 2686 auc-

184 2694 306 2735 vorem
337 2710 376 2735 se
410 2696 594 2746 professus
618 2703 675 2736 est
705 2698 744 2736 in
771 2698 1165 2736 Animadversionibus
1201 2699 1248 2736 ad
1286 2695 1480 2750 Aristoph‘.
1518 2702 1618 2740 Plut.

192 2749 289 2788 886’'
325 2751 378 2800 [et
410 2750 449 2787 in
486 2750 594 2788 Praef.
624 2753 758 2802 oppido
785 2752 1079 2790 luculentissima
1113 2750 1160 2790 ad
1196 2752 1547 2792 Animadversiones
1579 2755 1617 2792 in

192 2803 710 2895 {ophoeclem].l}3urgessius.
752 2805 860 2844 Cons.
879 2819 1019 2862 quoque
1041 2805 1239 2844 Burmann.
1264 2806 1311 2844 ad
1324 2807 1615 2856 Aristophanem

229 2868 294 2907 erg
329 2869 362 2894 η
389 2870 427 2906 p.
500 2884 510 2894 .
807 2886 811 2890 .
