1864 3132
170 2088 230 2128 88

887 232 1026 281 ’140

255 333 455 383 Habent
498 336 666 400 utique
711 335 826 386 alii:
902 343 959 385 ut
1001 335 1163 402 ipsum
1206 338 1268 386 de
1305 341 1458 401 patrae
1490 339 1699 390 «absente

255 413 608 479 interrogaret;
660 421 708 463 et
744 421 799 464 ut
830 414 994 480 ipsum
1027 415 1193 480 gloria
1230 415 1411 480 ingens
1431 419 1584 481 *apud
1615 419 1700 470 Ιιο-

255 488 412 536 mines
456 497 815 555 consequatur:
871 491 981 541 alii:
1053 499 1111 540 ut
1152 492 1493 558 interrogaret,
1541 508 1604 541 m
1646 498 1702 540 ut

256 567 446 614 habeat.
522 569 684 633 Atque
715 570 821 621 haec
857 569 1050 633 quidem
1087 586 1232 619 sensu
1267 570 1414 635 plane
1445 587 1583 618 cassa
1604 569 1701 618 lec·

255 640 376 689 tioni
400 641 628 689 exhibitae
647 644 708 691 ad
725 644 953 694 amussim
972 647 1282 710 respondent.
1355 647 1512 696 Porro
1534 652 1698 695 autem

257 728 311 769 ut
340 720 474 784 prius
509 743 582 776 μιν
615 723 678 770 ad
708 721 940 781 Nestora,
975 723 1216 787 posterius
1246 724 1310 770 ad
1343 724 1701 772 Telemachum

257 797 513 856 referatur,
559 798 888 862 importunum
932 807 1006 847 est
1048 807 1198 864 atque
1244 801 1523 849 absurdum.
1631 799 1703 850 Ut

257 883 420 924 autem
456 876 550 924 hoc
585 877 647 924 ad
682 876 906 943 Ulyssem
947 877 1203 936 referatur,
1249 879 1382 941 quod
1417 877 1569 927 voluit
1604 877 1703 926 Eu-

259 953 479 1011 stathius,
516 953 691 1012 minus,
733 955 908 1019 siquod
942 956 1090 1014 aliud,
1129 955 1386 1004 ferendum
1417 963 1505 1004 est.
1576 954 1710 1016 Quid

261 1033 422 1080 multis
458 1048 583 1096 opus
617 1030 726 1079 est?
795 1033 982 1081 Deesse
1017 1033 1069 1081 in
1106 1033 1395 1096 quibusdam
1430 1032 1565 1089 editt.
1595 1047 1708 1081 ver·

258 1125 365 1156 sum
405 1108 550 1155 istum
593 1106 664 1156 Ηδ
698 1112 764 1156 ἱνα
794 1132 865 1168 μιν
896 1115 986 1159 &c.
1025 1115 1231 1157 testatur
1267 1107 1331 1158 H.
1359 1108 1705 1173 Stephanus³⁹.

262 1188 326 1237 Et
361 1189 532 1247 deerit,
576 1189 616 1236 si
653 1206 730 1236 me
770 1190 883 1238 satis
920 1189 1124 1238 audient
1165 1176 1392 1248 editores,
1435 1189 1486 1236 in
1530 1188 1708 1237 futuris

260 1266 549 1331 quibusque.
622 1266 736 1314 Huc
765 1274 929 1315 autem
953 1266 1148 1330 irrepsit
1171 1282 1232 1314 ex
1265 1282 1298 1314 1.
1324 1277 1397 1320 95.
1433 1265 1519 1315 ubi
1541 1272 1720 1314 tamen>

261 1360 362 1392 non
387 1344 545 1393 minus
567 1351 679 1409 apte
703 1360 848 1408 quam
873 1344 951 1392 hic
975 1343 1140 1407 inepte
1162 1343 1451 1392 adhibetur:

331 1438 559 1481 ΠΕΜΫΩ
575 1429 606 1479 ὃ
625 1455 676 1484 ες.
690 1424 907 1498 Σπαρκὲην
931 1454 985 1480 τε
1011 1453 1082 1479 και
1104 1453 1147 1483 ες
1171 1435 1324 1479 Πυλον
1346 1429 1604 1487 ημαθοὲντα

333 1515 377 1558 Ν
380 1533 517 1561 osv-ov
540 1533 810 1566 πευσομενον
832 1533 1006 1577 παπ-ρος
1029 1516 1183 1577 φιλου,
1215 1533 1265 1568 ην
1288 1532 1375 1558 που
1399 1531 1579 1579 ακουσῃ,

333 1585 408 1635 HS
427 1588 555 1636 ‘INA
578 1611 652 1645 μιν
674 1596 796 1640 κλεος
818 1592 1046 1637 &maweu
1069 1591 1362 1653 ανθρωποισιν
1385 1589 1674 1634 Ε’ΧΗΙΣῙΝ.

267 1679 522 1748 Μὶτιαωε
543 1694 600 1736 ut
626 1715 643 1723 -
668 1685 863 1752 habeat.
958 1686 1205 1734 Caeterum
1256 1701 1372 1750 prov
1399 1704 1713 1751 αποιχομενοιο

267 1787 419 1829 spon-0
441 1765 516 1812 vel
539 1765 802 1830 legendum
829 1793 847 1799 -
866 1787 927 1812 νοι
951 1764 1078 1826 [Sive
1103 1791 1120 1798 -
1140 1762 1236 1824 νου]
1261 1784 1445 1833 speon-p,
1478 1760 1556 1809 vel
1581 1766 1715 1817 certe

269 1841 420 1888 verbo
456 1864 602 1906 εροιτο
636 1841 952 1905 praeficienda
979 1840 1211 1902 aspiratio
1236 1838 1359 1895 Vau,
1397 1837 1528 1902 quod
1551 1844 1714 1885 tamen

269 1935 329 1967 ea
351 1919 456 1968 fere
482 1919 772 1968 destituitur.

339 2000 416 2047 Ad
452 1999 736 2047 Callimachi
768 1998 1001 2046 editorem
1034 2012 1166 2045 nunc
1199 2002 1526 2052 revertamum
1571 2009 1715 2059 quem

273 2091 384 2125 cum.
403 2076 464 2129 ¹in
497 2074 728 2140 syllabica
758 2072 1019 2122 verborum
1055 2073 1358 2138 quorundam
1393 2073 1422 2102 ἕ
1440 2069 1722 2135 quantitate»

272 2168 436 2210 errare
458 2153 723 2209 videamuS,
760 2167 824 2198 ne
846 2150 973 2198 illius
996 2151 1128 2214 apud
1149 2149 1284 2207 alios,
1321 2148 1391 2196 uti
1415 2146 1485 2206 fit,
1522 2161 1712 2194 errores

273 2220 627 2296 propagentur,
657 2227 777 2275 libet
800 2228 879 2276 hic
902 2227 1120 2293 singulos
1143 2227 1307 2290 paucis
1332 2226 1680 2291 perstringere.

341 2306 463 2382 Pag.
491 2332 562 2363 1x.
601 2315 787 2382 “Ergo
825 2330 1081 2380 perperam
1120 2314 1200 2362 ille
1242 2315 1360 2364 fecit
1394 2315 1478 2380 qui
1511 2314 1718 2379 primam

275 2397 305 2420 ”
323 2395 685 2458 secundamque
721 2396 852 2444 vocis
886 2395 1074 2459 ακριβης
1109 2395 1360 2459 corripuit,
1397 2410 1507 2443 cum
1535 2401 1716 2443 utram-

275 2477 421 2535 “que
466 2472 740 2535 producere
786 2471 1056 2520 debuerit.’'
1159 2471 1304 2531 Quod
1347 2473 1410 2521 ad
1453 2471 1715 2519 secundam

277 2549 485 2614 quidem,
524 2556 657 2606 recte
681 2564 733 2596 se
757 2548 904 2596 habet
926 2548 1019 2597 viri
1042 2548 1219 2596 eruditi
1243 2547 1541 2598 observatio:
1586 2547 1719 2611 quod

330 2706 396 2747 39.
426 2702 543 2740 Deest
555 2703 593 2740 in
607 2703 723 2741 tribus
737 2703 854 2742 MSS.
870 2703 969 2742 Har·
1022 2713 1120 2742 certe
1139 2703 1302 2755 antiqua,
1333 2708 1483 2742 notatur
1508 2703 1541 2753 β
1566 2710 1605 2742 et
1632 2703 1721 2754 legit

274 2765 429 2812 leianis3
461 2771 487 2789 ‘⁴
505 2770 570 2813 77,
592 2771 656 2811 79.
683 2773 857 2806 notantur
874 2786 911 2815 α,
929 2785 967 2817 γ,
1021 2768 1189 2823 ἔχησιν·”
1217 2769 1267 2808 R.
1290 2769 1335 2808 P.
1373 2768 1483 2807 Conf.
1515 2769 1715 2809 Hermann.

275 2832 342 2872 78.
371 2828 409 2870 in
437 2828 603 2879 margine
623 2829 846 2881 adscriptus,
874 2845 896 2872 a
916 2845 968 2871 m.
1022 2833 1067 2873 de
1087 2834 1263 2874 Gratum.
1282 2833 1354 2873 Gr.
1373 2847 1408 2884 p.
1431 2838 1522 2874 213.
