1864 3132
935 225 1032 278 142

264 310 421 394 inachi
462 335 673 383 editione
713 334 970 385 observare
1007 336 1240 400 potuisset
1280 354 1388 386 cum
1431 336 1527 386 alia
1565 337 1695 388 haud

263 429 423 479 pauca
479 412 703 476 exempla
756 419 858 460 tum
915 413 1164 478 praecipue
1222 415 1349 462 istud
1405 414 1585 479 Hymn.
1643 414 1694 461 in

264 489 416 538 Dian..
442 501 455 536 1
471 498 533 536 11.

432 580 578 626 Εντεα
605 599 678 624 και
708 574 832 642 ζωνη,
868 599 1058 642 χρυσεον
1086 575 1110 625 ὃ
1138 577 1318 643 εζευξὸο
1346 572 1515 645 ὃιφρον.

262 677 335 728 Ut
378 675 511 727 nullo
555 680 747 728 demum
793 681 936 728 modo
982 680 1184 728 verbum
1235 679 1477 745 ύπεζευξαο
1529 696 1696 728 versus

263 756 535 805 hexametri
571 757 694 805 ratio
733 757 964 821 recipiat:

1015 772 1113 804 non
1145 757 1250 822 jam
1290 757 1421 819 quod
1459 779 1481 804 ε
1519 763 1632 804 ante
1672 754 1704 821 ζ

262 835 414 902 longa
443 834 520 894 sit,
556 835 626 883 uti
660 834 816 882 minus
851 841 1077 883 accurate
1111 833 1300 882 locutus
1333 839 1406 881 est
1434 833 1508 882 v‘ir
1541 833 1698 882 erudi-

264 916 371 970 tus3
419 911 504 959 sed
538 912 667 977 quod
700 911 875 959 vocalis
909 911 1070 969 brevis
1107 917 1343 975 sequente
1374 910 1453 959 vel
1488 910 1517 977 ζ
1548 911 1701 975 (quod

265 995 339 1038 est
361 986 438 1052 σδ)
451 989 487 1016 ⁴¹
520 989 598 1038 vel
621 989 806 1038 duabus
831 989 1127 1054 quibuslibet
1155 987 1534 1039 consonantibus
1559 987 1701 1037 mutis

321 1143 386 1179 41.
426 1144 448 1163 “
468 1140 541 1178 Pro
577 1139 619 1187 Z,
656 1138 703 1178 δσ-
739 1138 958 1178 scribebant.

266 1206 407 1253 Δσεύς,
428 1206 526 1244 Ζεύς.
544 1204 678 1252 Aside,
698 1204 815 1243 Ζιός.”
870 1203 961 1242 Sca-

266 1271 363 1323 liger
392 1272 441 1308 ad
469 1272 604 1309 Euseb.
632 1283 668 1320 p.
691 1275 780 1309 122.
809 1268 959 1307 “Besae

266 1328 475 1387 agnoscunt
499 1335 677 1374 Caninius
702 1340 740 1373 et
767 1335 959 1381 Urbanus,

268 1400 470 1451 priscisque
497 1401 648 1438 comicis
674 1400 854 1438 usitatum
881 1412 961 1449 per-

267 1464 407 1503 hibent.
450 1464 650 1502 videndum
674 1469 802 1501 tamen
826 1476 871 1500 ne
897 1477 961 1513 po-

267 1530 340 1568 tius
358 1529 592 1568 scribendum
610 1528 659 1566 sit
675 1527 788 1566 Σδειὶς
815 1528 960 1566 AEolico

267 1601 305 1633 et
323 1594 461 1632 Dorico
479 1606 595 1640 more,
619 1597 661 1630 ut
678 1592 811 1641 σδυγός
827 1591 959 1630 iisdem

267 1660 438 1711 gentibus
452 1663 508 1696 est
519 1658 642 1711 ζυγός,
643 1658 783 1708 jugum
799 1656 960 1708 [Bvo‘ydv,

268 1724 382 1778 ζυγὸν
416 1723 526 1762 Plato
561 1722 733 1773 Cratylo‚
760 1726 852 1760 418.
877 1721 959 1774 D.].

269 1789 426 1829 Golzius
444 1794 541 1827 certe
557 1788 595 1826 in
613 1788 806 1826 Thesauro
829 1786 880 1824 rei
897 1798 963 1823 an-

266 1854 449 1904 tiquariae‚
478 1865 634 1890 nummo
651 1851 870 1900 inscriptum
887 1855 961 1887 tes-

267 1923 368 1956 tatur
413 1917 582 1955 ΣΔΕΙΣ
627 1916 666 1968 [i.
685 1930 716 1955 e.
758 1916 958 1968 ΣΔΕΥΣ]

268 1982 630 2021 ΕΛΕΥΘΕΡΙΟΣ.
666 1995 712 2021 ac
738 1981 816 2020 fieri
840 1987 961 2033 potest

266 2054 310 2087 ut
324 2047 467 2086 librarii
484 2052 632 2097 propter
645 2048 905 2086 characterum
921 2047 960 2085 in

267 2111 453 2150 veteribus
478 2110 580 2148 libris
605 2110 896 2157 similitudinem,
928 2111 960 2148 B

220 2222 222 2224 ,
269 2175 482 2224 scripserint
498 2186 564 2223 pro
582 2174 648 2211 Σ.”
679 2173 896 2225 Sylburgius
914 2174 961 2212 ad

271 2238 446 2277 Clenard.
469 2249 505 2287 p.
524 2240 616 2275 448.
679 2236 752 2275 Pro
781 2237 961 2276 Ζακύνθοο

269 2302 425 2343 mallem
461 2315 547 2340 cum
580 2303 662 2340 viro
694 2302 746 2341 rei
782 2302 962 2342 numariae

269 2367 505 2419 peritissimO,
534 2366 583 2404 R.
603 2366 651 2405 P.
670 2364 830 2416 Knigkn
866 2367 964 2404 ΔΑ·

273 2428 514 2476 ΚΥΝΘΟΣ,
551 2434 589 2467 et
623 2428 667 2466 11.
691 2429 744 2475 Δ,
765 2434 854 2477 103,
876 2433 964 2468 121.

274 2493 428 2538 Ροίκαὸε
445 2493 635 2538 νοστήσας·
654 2493 750 2546 ἱερῆς
766 2498 813 2531 εἷς
833 2492 964 2535 frica-v

274 2560 432 2605 Δελεὶης
452 2559 495 2596 In
513 2558 772 2596 vetustissimis
786 2559 885 2596 enim
898 2570 967 2595 nu-

276 2624 362 2671 mis,
373 2631 521 2661 auctore
532 2621 583 2661 R.
593 2622 639 2660 P.
648 2621 690 2658 K
692 2651 717 2669 .,
728 2622 965 2661 ΔΑΝΚΛΕ

278 2701 344 2740 pro
358 2685 590 2726 ZANKAH
605 2698 802 2735 procusum
816 2698 969 2736 compa-

279 2759 348 2792 ret.
374 2751 472 2790 Vide
489 2750 602 2788 Anat.
616 2749 735 2799 Essay
753 2762 798 2787 on
816 2750 875 2789 the
895 2750 967 2789 Gr.

282 2815 475 2868 Alpkabet‚
491 2826 529 2864 p.
545 2816 610 2853 33.
657 2812 687 2851 F
688 2825 804 2852 ormae
824 2826 967 2866 quoque

1014 1136 1099 1177 Ζειὶς
1123 1144 1161 1178 et
1182 1138 1278 1178 Δειὶς·
1303 1139 1603 1190 pronunciatione
1619 1145 1705 1179 tan·

1013 1210 1094 1242 tum
1110 1205 1250 1243 distant
1265 1220 1273 1243 ε
1303 1205 1479 1245 Eustath.
1497 1206 1545 1243 ad
1560 1206 1704 1256 Odyss.

1015 1270 1065 1316 A,
1083 1282 1119 1319 p.
1219 1287 1261 1305 =
1273 1274 1332 1307 14.
1351 1269 1418 1308 ult.
1439 1269 1486 1308 ‘O
1504 1270 1590 1308 Ζεὺς
1606 1277 1705 1308 πολ·

1014 1339 1096 1371 >iare
1122 1333 1272 1372 εὐθείαις
1297 1332 1404 1387 παραὶ
1429 1339 1509 1372 τοῖς
1530 1338 1705 1373 παλαιοῖς

1014 1402 1287 1438 ποτικὶλλεται·
1317 1400 1413 1438 ΔῙΣ
1431 1399 1519 1453 wip,
1544 1399 1587 1439 οὗ
1611 1416 1707 1449 γενι-

1014 1467 1060 1512 κῆ
1085 1466 1233 1505 ΔΙΟΣ·
1270 1465 1328 1504 καὶ
1349 1466 1474 1513 ΖΗΝ,
1502 1464 1561 1503 καὶ
1580 1463 1705 1511 ZAN,

1016 1530 1074 1569 καὶ
1091 1531 1207 1577 ΖΑΣ,
1239 1530 1298 1568 καὶ
1327 1530 1435 1568 ΖΗΣ
1463 1527 1572 1583 παραὶ
1588 1528 1707 1582 Φερε-

1014 1594 1112 1649 κύδῃ,
1145 1593 1204 1631 καὶ
1230 1594 1437 1632 Βοιωτικῶς·
1463 1591 1613 1638 ΖΕΥΣ,
1634 1588 1705 1628 Ικαὶ

1014 1659 1149 1698 ΔΑΝ.
1187 1657 1264 1696 Καὶ
1283 1656 1345 1696 ὅτι
1365 1658 1437 1695 τοῦ
1454 1657 1592 1695 ΖΕΥΣ
1617 1654 1704 1696 ἔστι

1015 1722 1074 1761 καὶ
1107 1722 1300 1768 αἰτιατική
1330 1721 1438 1776 παρὰ
1468 1718 1705 1776 Πολυκράτει

1017 1789 1072 1842 τῷ
1091 1788 1273 1843 Σοφιστῇ
1292 1788 1361 1826 τᾶν
1381 1786 1536 1826 ΖΕΥΝ.
1587 1790 1610 1810 “
1627 1785 1707 1824 Pri·

1014 1865 1081 1891 ora
1115 1853 1230 1891 habet
1266 1851 1486 1891 Eustathius
1516 1863 1563 1889 ex
1589 1849 1704 1888 veteri

1015 1916 1216 1962 Technico,
1235 1915 1332 1966 quod
1345 1914 1458 1966 liquet
1471 1910 1705 1964 comparanti

1006 1981 1092 2031 vejus
1109 1983 1352 2018 commentar.
1382 1978 1420 2016 in
1439 1978 1484 2017 Il.
1501 1979 1552 2024 A,
1569 1991 1607 2029 p.

1017 2046 1134 2090 =85,
1153 2046 1241 2088 49.:
1273 2043 1369 2094 quod
1393 2042 1570 2082 ultimum
1593 2042 1706 2082 tradit

1015 2122 1040 2146 a
1066 2108 1296 2147 nominativo
1328 2109 1414 2147 Ζειῖς·
1445 2107 1704 2147 accusativum

1015 2173 1106 2211 Ζεῦν
1144 2174 1294 2225 reperiri
1335 2173 1435 2224 apud
1473 2173 1707 2225 Polycratem

1015 2236 1237 2287 Sophistam‚
1254 2237 1347 2276 levis
1360 2249 1460 2276 error
1474 2241 1530 2276 est
1546 2237 1705 2276 nimium

1017 2302 1258 2352 properantis.
1345 2303 1415 2341 Est
1467 2301 1559 2340 illud
1617 2303 1709 2342 Ζεῦν

1018 2362 1248 2405 AEsizhrionis
1281 2366 1399 2406 Samii
1434 2371 1567 2417 poetae,
1587 2360 1707 2417 ‘cujus

1017 2443 1120 2468 acres
1155 2430 1269 2482 iambi
1301 2430 1338 2468 sn
1371 2430 1610 2481 Polycratem
1642 2429 1709 2468 So-

1017 2494 1183 2544 phistam
1201 2499 1352 2533 exstant
1370 2493 1468 2545 apud
1495 2492 1709 2530 Athenaeum

1021 2569 1061 2596 1..
1080 2569 1184 2606 v111,
1202 2561 1295 2596 335.
1311 2558 1364 2597 D.
1393 2555 1523 2608 quibus
1542 2556 1710 2594 versibus

1018 2619 1262 2659 introducitur
1294 2618 1482 2666 Philaenis,
1516 2630 1555 2656 se
1584 2622 1714 2657 aucto-

1019 2696 1100 2722 rem
1134 2696 1273 2735 negans
1313 2681 1430 2732 turpis
1467 2680 1596 2729 libelli,
1646 2678 1711 2732 qui

1021 2748 1204 2788 ferebatur
1232 2746 1301 2786 sub
1327 2747 1405 2798 ejus
1429 2746 1604 2785 nomine:
1651 2738 1713 2782 Οὔ

1020 2811 1096 2866 «γάρ
1136 2811 1191 2862 po?
1228 2811 1299 2850 τὸν
1339 2810 1441 2859 Ζεῦν,
1493 2807 1537 2849 οὖ
1578 2805 1713 2858 μα’-”
