1864 3132
870 195 970 255 35¹7

215 299 286 355 Eq.
312 305 402 342 523.
442 303 539 354 apud
575 299 687 342 1⁹:1³.
707 303 763 343 D.
797 306 894 344 conf.

212 366 265 405 R.
284 366 332 405 Βῖ
349 368 397 405 ad
414 367 508 407 Hor.
525 370 575 407 A.
590 367 632 407 P.
645 373 737 408 441.
762 369 896 408 D'Ar-

210 432 312 470 nand
327 433 529 471 Animadv.
551 445 589 483 p.
607 437 669 472 84.
700 433 893 484 Tyrwltitt.

209 495 259 534 ad
283 496 395 549 Bnbr.
418 509 454 546 p.
471 501 535 535 34.
563 497 671 535 Plato
696 498 841 549 Cratyl.
861 510 892 545 1,

183 571 186 574 ’
209 563 303 597 414.
332 560 385 597 D.
423 559 730 610 ἐπεμβάλλοντες
764 563 895 601 πολλά

207 622 269 662 ἐπὶ
299 622 354 660 ταὶ
378 625 515 676 arpii-ra
545 625 728 674 ὀνόματα,
765 636 893 666 τελευ-

209 686 350 723 vii-vres-
366 689 523 725 ’ποιοῦσι
553 688 636 734 μηδ’
662 688 708 726 (ἲν
736 688 799 728 ἕνα
830 691 892 728 α’ν-

207 746 361 800 Opn'v'rm
390 751 543 788 συνίεναι
574 750 635 790 ὅτι
671 754 770 790 τότε
800 753 893 803 βού-

207 821 315 851 λεται
341 815 392 852 τὸ
414 814 543 862 ὄνομα.
585 817 713 870 ὅσπερ
739 818 796 856 καὶ
822 818 893 864 τήν

208 880 353 930 σφίγγα
380 879 466 916 α’ντί
491 882 626 931 ‹upa-yde
653 885 797 934 σφίγγα
827 899 891 920 κα-

205 942 327 980 λοῦσι.
394 942 568 982 Cratinus
620 946 750 984 Junior
793 947 891 997 apud

207 1003 347 1040 Athen.
381 1017 444 1042 xx.
485 1018 521 1055 p.
546 1006 639 1045 460.
668 1009 710 1046 F.
753 1009 816 1047 Εἷς·
841 1010 892 1047 τὸ

204 1071 380 1104 κυλικεῖον
408 1067 591 1122 ε’·γριίφην·
634 1074 658 1108 ὁ
681 1072 766 1111 Ζευὶ·
794 1073 888 1122 ἐμοὶ,

201 1129 412 1181 ἐνεγράφην
431 1129 480 1167 R.
497 1130 545 1167 P.
573 1133 715 1172 Advss.
743 1146 780 1183 p.
800 1140 888 1174 123·

205 1193 438 1242 Antiphanes
458 1206 488 1240 1,
510 1199 570 1234 18.
596 1197 642 1234 C.
669 1197 811 1249 Ἐφθὸν
828 1216 889 1236 κο-

202 1256 288 1304 μιδῆ
315 1257 498 1304 πεποίηκ’,
534 1258 793 1299 ἀποκναίσειεν
827 1261 886 1301 ἅν.

205 1321 403 1364 πεποίηκεν
439 1319 489 1356 R.
521 1320 567 1358 P.
619 1322 708 1360 ibid.
753 1337 791 1373 p.
820 1312 885 1362 48.

206 1380 350 1429 Saepius
363 1381 528 1420 Dawesii
542 1396 720 1423 canonem
731 1386 888 1424 violavit

208 1443 370 1492 Toupt‘us
378 1457 390 1479 .·
411 1444 541 1483 Suidas
553 1459 589 1483 v.
599 1446 885 1502 ’Ap-traxc'vopos·

205 1505 425 1544 Philetaerus
456 1507 668 1558 Meleagro:
711 1507 770 1545 Οὐ
793 1509 886 1561 πρός·

203 1569 367 1617 γυναικὸς·
387 1572 410 1607 o‘
420 1572 553 1623 χόρος·
583 1572 704 1619 οἴκαδ’,
735 1571 764 1610 ω’
779 1574 884 1625 κόρη,

196 1632 326 1672 'Amo'
341 1633 605 1692 ἅμπαλίνορος.
646 1636 770 1687 Vulgo
788 1640 811 1674 ὁ
827 1637 887 1674 κό-

200 1712 281 1750 ρος,
299 1698 395 1747 quod
411 1698 510 1735 male
530 1698 693 1749 Toupius
712 1700 764 1748 (in
784 1700 884 1738 Suid.

204 1771 235 1797 1.
262 1764 299 1809 p'.
317 1765 504 1811 21=33.)
528 1763 567 1800 in
597 1762 716 1816 ὄχλος
740 1769 884 1802 mutare

200 1821 330 1860 voluit.
353 1851 355 1853 .
375 1823 425 1861 R.
454 1824 502 1864 P.
543 1826 684 1864 Advss.
724 1839 762 1876 p.
790 1830 883 1872 295.

202 1886 335 1925 Suidas
354 1901 392 1925 v.
420 1889 662 1939 Καββαλῶν·
690 1892 882 1941 Amipsias

202 1950 386 1998 Moechi83
415 1953 490 1990 Ka}
509 1954 555 1991 m>
567 1955 634 2001 μὲν
647 1953 769 2002 ἦλθες,
789 1956 883 2005 κάβ-

197 2011 302 2061 βαλε
316 2014 541 2066 τριώβολον.
568 2022 593 2040 “
602 2017 708 2055 Nihil
720 2018 882 2065 interest,

198 2077 252 2115 ait
285 2077 446 2127 Toupius
475 2081 522 2117 ad
552 2081 652 2118 Suid.
685 2082 729 2119 P.
759 2094 809 2119 11.
844 2096 881 2131 p.

199 2141 306 2186 300„
351 2139 529 2189 κάββαλε
577 2156 626 2180 an
669 2143 881 2193 καββαλαῗν

198 2199 314 2250 legas,
351 2211 473 2251 spreto
501 2204 679 2252 Dawesii,
714 2208 772 2244 cui
802 2208 880 2257 ple-

198 2277 353 2315 rumque
399 2266 556 2317 iniquior
604 2276 671 2316 est,
728 2283 878 2309 canone.

201 2329 343 2367 Deinde
361 2330 409 2367 ev*
424 2337 508 2368 ante
524 2333 589 2379 μὲν
606 2334 753 2381 produci
772 2348 877 2383 posse

196 2392 396 2430 contendit.
442 2394 556 2431 Porro
582 2395 715 2434 oblitus
733 2403 789 2435 est
807 2398 878 2435 Vir

182 2455 365 2493 'summus
392 2454 462 2491 hoc
479 2455 602 2503 ipsum
628 2456 875 2507 fragmentum

175 2514 338 2556 'auctius
386 2523 531 2556 exstare
578 2521 675 2568 apud
722 2522 874 2560 Suidam

195 2593 307 2629 supra
334 2595 372 2621 v.
403 2582 685 2636 Ἀναψυχῆναι,
717 2586 779 2623 ubi
810 2585 874 2623 κᾶ-

193 2641 312 2690 βαλες·
339 2650 395 2682 est
419 2658 486 2694 pro
513 2646 729 2695 κάββαλε.”
755 2647 806 2686 R.
824 2648 871 2686 P.

194 2706 243 2744 ad
261 2705 378 2758 Toup.
411 2721 449 2759 p.
477 2713 568 2749 452.
603 2709 704 2749 Infra
723 2723 760 2761 p.
778 2715 871 2757 359.

946 306 1108 357 Tampius
1120 309 1268 360 corrigit
1274 309 1464 360 Aristoph.
1478 306 1626 348 inA‘ch.

942 375 1034 409 458.
1062 372 1264 426 Κυλὶχνιον
1293 375 1344 411 τὸ
1373 379 1505 428 χεῖλος·
1530 374 1626 412 α’πο-

943 435 1220 486 κεκρονσμένον.
1262 431 1462 475 Κυλίσκιον
1478 436 1562 475 edd.
1589 441 1627 474 et

944 497 1038 534 Cod.
1058 498 1155 536 Rav.
1200 499 1312 536 Hunc
1335 500 1459 538 locum
1483 505 1508 523 ‘⁴
1525 499 1626 537 male

942 560 1156 599 sollicitavit
1174 562 1348 612 Toupius.
1389 562 1540 602 Jamdiu
1555 566 1625 607 est,

942 626 1037 675 quod
1057 624 1287 663 casaubonus
1314 627 1360 664 ad
1379 616 1625 676 Theophsast.

942 688 1058 726 Char.
1080 700 1143 725 xr.
1169 702 1208 737 p.
1230 694 1317 727 104.
1345 690 1402 728 ed.
1422 690 1623 728 Needluzm.

940 763 1070 789 veram
1113 752 1306 790 lectionem
1351 766 1398 790 ex
1441 753 1624 791 Athenaeo

941 817 1023 864 (XI.
1062 827 1098 863 p.
1116 819 1210 860 479.
1245 816 1305 866 B.)
1357 822 1394 854 et
1426 816 1623 855 Eustathio

937 879 992 927 (m
1023 875 1069 915 11.
1099 891 1142 916 x.
1183 893 1218 928 p.
1248 884 1362 918 1282.
1387 880 1623 924 59.=1389.

939 946 1020 989 23.)
1034 943 1199 992 protulit,
1213 957 1326 994 quam
1339 944 1500 994 sequitur
1508 943 1622 981 etiam

940 1008 987 1044 H
984 1008 1289 1045 emsterlmsiusad
1299 1008 1622 1058 Hesych.Auctar.

940 1072 1098 1109 Emend.
1135 1073 1204 1109 sub
1236 1072 1300 1109 fin.
1359 1072 1486 1121 Magis
1525 1071 1622 1109 mira

937 1133 1020 1170 haec
1049 1133 1182 1182 Toupii
1210 1132 1504 1187 παραὸιόρθωσις
1525 1133 1622 1171 acci·

936 1197 1002 1243 dit,
1029 1197 1126 1248 quod
1145 1197 1223 1246 ipse
1250 1198 1361 1248 paulo
1381 1203 1465 1236 ante
1482 1198 1622 1236 Phere-

936 1261 1028 1299 crati
1072 1263 1297 1308 κοτυλίσκην
1339 1274 1423 1312 pro*
1448 1264 1621 1308 κυλίσκην

935 1324 1160 1362 reddiderit?
1190 1323 1241 1362 R.
1265 1326 1312 1363 P.
1345 1327 1405 1363 ad.
1427 1325 1544 1374 Toup.
1582 1339 1618 1374 p.

935 1386 1026 1425 456.
1066 1388 1197 1424 Suidas
1225 1400 1290 1426 vv.
1325 1389 1487 1441 ’Ὑπέρου
1518 1404 1619 1441 περι-

934 1448 1075 1499 τροπή.
1138 1449 1334 1487 Platonem
1379 1451 1418 1487 in
1450 1450 1617 1487 Adonide

933 1509 1125 1547 sublevare
1141 1516 1294 1548 conatur
1315 1511 1479 1560 Toupius
1490 1526 1506 1554 ,·
1548 1510 1617 1549 εἶτ’

933 1572 1009 1625 οὐχ
1036 1571 1170 1625 ὖπέρου
1201 1576 1416 1628 ‘remu-porri
1441 1591 1503 1623 μοι
1525 1578 1617 1623 γίνε-

931 1651 1024 1681 ται;
1091 1635 1215 1686 Vulgo
1269 1653 1331 1684 μοι
1387 1637 1614 1690 arepto-porri.

931 1704 956 1723 ‘⁴
975 1699 1119 1738 Rursus
1138 1700 1350 1739 Dawesiani
1366 1700 1517 1739 canonis
1527 1713 1614 1751 neg-

930 1762 1014 1800 lecti
1033 1776 1160 1812 poenas
1181 1765 1247 1804 dat
1272 1764 1446 1814 Toupius.
1490 1766 1614 1814 Repo-

929 1827 1090 1865 nendum
1103 1834 1181 1866 erat
1189 1827 1369 1886 facillima
1380 1829 1611 1876 correctione,

928 1892 1074 1931 etiamsi
1091 1905 1164 1930 non
1179 1893 1234 1931 ita
1245 1899 1408 1932 exstaret
1424 1894 1462 1931 in
1476 1892 1610 1932 Photio

929 1956 1030 2000 MS..
1056 1957 1095 1994 in
1110 1957 1231 1995 Suidae
1253 1958 1408 1997 editione
1427 1957 1611 1995 Mediola-

926 2021 1041 2068 nensi,
1072 2027 1110 2059 et
1138 2021 1224 2059 MS.
1258 2012 1310 2059 C.
1331 2022 1377 2060 C.
1405 2021 1452 2060 C.
1480 2022 1607 2059 Oxon.

927 2084 1011 2124 Εἶτ’
1034 2085 1110 2138 onix
1135 2086 1270 2139 ὑπέρον
1299 2102 1362 2135 μοι
1393 2086 1609 2139 περιτροπῆ

925 2149 1235 2188 ΓΕΝΗΣΕΤΑΙ
1247 2151 1282 2196 ;”
1300 2149 1351 2187 R.
1363 2149 1410 2188 P.
1428 2151 1476 2188 ad
1489 2149 1607 2198 Toup.

923 2227 987 2263 pp.
1014 2217 1107 2259 479,
1137 2217 1199 2251 80.
1238 2227 1347 2264 quem
1377 2215 1474 2253 conf.
1508 2214 1606 2264 apud

924 2278 970 2315 P.
991 2277 1036 2314 P.
1057 2277 1111 2315 D.
1137 2279 1184 2315 ad
1211 2279 1365 2316 Tbesm.
1389 2277 1483 2317 660.
1539 2278 1607 2316 Ni·

922 2345 1103 2378 ‘costratus
1129 2341 1227 2389 apud
1250 2342 1388 2378 Athen.
1409 2353 1484 2379 xv.
1511 2340 1604 2386 693.

922 2404 972 2439 A.
1000 2403 1110 2454 Τύχη
1138 2404 1192 2439 τά
1216 2404 1359 2448 θνητοῖν
1376 2402 1602 2455 πράγματα,

922 2466 1077 2518 πρόνοια
1089 2465 1137 2504 δέ.
1152 2466 1243 2516 lege,
1257 2468 1457 2521 πράγμαθ’,
1472 2470 1498 2512 η’
1511 2468 1603 2520 πρό-

922 2544 1001 2565 νοια
1019 2527 1069 2566 δέ.
1099 2527 1146 2565 R.
1166 2528 1213 2565 P.
1242 2530 1381 2568 Advss.
1399 2543 1434 2579 p.
1453 2534 1542 2573 147.
1565 2535 1602 2567 et

921 2589 1120 2640 Reisigius.
1159 2590 1341 2642 Satmyn‘o
1359 2592 1456 2640 apud
1473 2591 1601 2629 Schol.

919 2653 967 2689 ad
1000 2653 1089 2690 Eur.
1122 2653 1247 2692 orest.
1280 2659 1372 2699 279.
1416 2655 1597 2706 Ἀνᾶκρά-

918 2716 1016 2762 γοιτ’
1031 2714 1080 2754 α”ν
1094 2713 1205 2755 οὗτος·
1231 2720 1280 2756 εἰς
1306 2716 1466 2771 ἐχθρούς
1488 2716 1596 2764 μέγα·
