1864 3132
933 198 1035 248 292

196 342 198 345 ,
260 307 394 351 taxat
431 301 714 360 accedente,
752 317 913 373 μὸυσῃς
926 304 979 333 ’θ’
1002 305 1075 362 αᾱ
1103 311 1333 372 σᾲμφωνον
1371 306 1697 361 referendum.

261 375 464 444 Nempe¹
492 380 585 427 ista
620 385 855 446 συμφωνον
889 379 1244 453 αῆδοναινμουσῃς
1280 401 1341 433 ex
1364 386 1700 450 poeta-nescio

263 537 437 588 AEschyl.
468 537 585 575 Cares
615 536 712 587 apud
738 539 841 588 stop.
858 537 956 577 Flor.

261 614 298 651 p.
319 598 412 648 356,
433 604 497 639 28.
515 601 633 641 Gesn.
663 614 699 652 p.
728 606 818 647 199.
847 602 957 643 Grot.

266 665 394 706 Valck.
434 666 559 705 Diatr.
593 666 640 704 ad
677 667 768 705 Eur.
794 680 830 717 p.
864 669 955 706 225.

260 732 347 770 ἀλλ’
369 729 492 784 Ἀρης
521 732 620 783 φιλὲι
649 731 728 771 Ἀεὶ
750 732 803 770 τά
819 730 955 771 ade-ra

260 797 393 836 πάντα
413 796 643 850 τάνθρῶπων
661 798 851 852 στρατοῦ.
869 820 872 824 ’
887 797 957 835 Le-

263 875 323 913 ge,
343 861 457 900 vra'vr’
489 863 706 917 α’πανθίζειν
733 881 801 902 στ.
834 863 884 901 R.
907 864 956 902 P.

260 927 359 977 apud
378 922 438 963 M.
458 925 513 964 D.
532 926 663 978 suppl.
681 926 775 976 660,
798 932 835 965 1.

313 993 382 1035 89.
396 994 424 1012 ⁴‘
438 988 504 1026 Ad
513 989 686 1029 Graecam
700 990 868 1041 loquendi
865 989 956 1042 for-

254 1055 392 1093 »mulam
418 1071 560 1109 μουσῃς·
588 1045 787 1108 συμφῖυνον
817 1056 954 1094 Teren-

259 1120 352 1160 tiani
387 1122 509 1160 verbis
534 1121 587 1158 sic
612 1122 767 1172 propius
790 1135 956 1175 ‘accesse-

259 1187 328 1234 ris,
364 1186 488 1225 Musis
513 1191 792 1225 consonantem.
818 1187 956 1224 Teren-

259 1253 365 1300 tiani,
384 1253 540 1303 inquam,
559 1251 675 1290 verbis
687 1266 700 1288 .·
753 1265 957 1304 quanquam

259 1319 354 1356 enim
386 1332 428 1356 ea
461 1318 499 1356 in
524 1317 761 1370 grammatici
790 1317 956 1368 scriptis,

254 1390 372 1436 prout
392 1385 497 1422 hodie
524 1380 958 1434 repraesentantur‚'fru-

258 1455 341 1495 stra
377 1447 563 1499 quaesieris
578 1462 595 1490 ;
642 1452 684 1485 at
718 1446 803 1484 novi
837 1451 957 1483 tamen

259 1516 388 1561 locum,
409 1513 471 1551 ubi
489 1518 590 1551 certo
606 1511 743 1550 certius
759 1512 844 1550 olim
862 1525 958 1550 com-

252 1580 452 1630 parebant.
518 1578 563 1616 Is
587 1568 707 1616 antem
737 1582 840 1615 extat
863 1591 956 1629 pag.

263 1642 354 1682 106.
373 1644 397 1680 l.
418 1648 479 1681 10.
509 1642 691 1690 Metrum,
718 1655 790 1693 quo
813 1654 958 1679 memo-

259 1715 345 1747 rant
388 1710 630 1746 Anacreonta
672 1707 812 1745 Dulces
856 1719 958 1744 com-

258 1776 426 1827 posuisse
472 1773 690 1812 cantilenas.
757 1773 842 1811 Hoc
890 1773 959 1810 Pe-

258 1840 399 1879 tronius
418 1837 602 1876 invenitur
620 1849 730 1874 usus:
764 1836 956 1875 Musicum

258 1905 421 1957 lyricum
463 1902 572 1940 refert
613 1901 771 1939 eundem
817 1900 958 1938 Conso-

259 1967 388 2005 nantia
401 1967 517 2003 verba
530 1965 744 2003 cantitasse.
802 1962 957 2000 Cuinam

258 2033 387 2083 utique
432 2027 470 2069 se
524 2030 728 2080 adprobare
778 2033 957 2077 poterunt

259 2097 454 2134 Musicum
472 2094 635 2145 lyricum
652 2093 836 2131 eundem?
875 2090 960 2128 Cui-

257 2174 339 2199 nam
360 2157 616 2197 consonantia
633 2157 749 2193 verba
766 2161 841 2192 tam
865 2154 959 2192 nude

252 2223 412 2274 posita?
476 2219 630 2258 Cuinam
664 2219 815 2269 denique
850 2234 959 2255 ασυν-

259 2289 368 2331 &wc
385 2287 459 2324 ista
479 2285 613 2332 oratio,
642 2284 837 2323 Petronius
855 2283 959 2321 inve-

257 2354 357 2394 nitur
370 2351 677 2390 usus-refert—
692 2354 704 2388 ?
752 2350 817 2388 Ne
834 2348 958 2387 multis

257 2432 391 2466 morer,
411 2417 676 2455 Terentianum
694 2416 748 2453 sic
766 2414 957 2464 scripsisse

258 2497 384 2522 censeo
442 2482 528 2519 Hoc
548 2481 749 2519 Petronius
768 2480 956 2518 invenitur

257 2562 359 2596 ηεαδ,
391 2547 538 2585 Mnsxs
561 2546 698 2583 CUM*
724 2545 876 2596 lyricum
900 2559 957 2583 re-

245 2614 335 2667 fert
371 2612 518 2650 eundem
555 2611 810 2648 Consonantia
846 2610 955 2648 'cerba

259 2678 471 2718 cantitasse.
544 2676 639 2714 Hoec
680 2682 802 2714 autem
842 2690 956 2715 emen-

260 2743 363 2782 datio
402 2747 512 2792 atque
537 2741 667 2788 altera,
704 2755 776 2791 qua
809 2743 955 2781 Aristo-

261 2810 426 2859 phanem
466 2809 554 2858 jam
598 2807 820 2856 donavimus,
860 2807 953 2846 mira

1010 539 1165 590 quadam
1192 539 1462 590 conspiratione
1493 538 1606 578 lucem
1632 538 1705 578 sibi

1009 610 1134 643 mutuo
1145 606 1331 658 egregiam
1349 605 1575 655 affandunt.'’
1589 605 1639 644 R.
1647 604 1704 643 D.

1010 670 1109 708 Add.
1145 676 1182 708 et
1215 669 1322 708 Corr.
1375 669 1535 708 *Musis
1569 684 1705 708 cum—-

1011 733 1073 771 Ex
1115 732 1328 783 hujusmodi
1374 733 1705 782 emendationibus,

1010 798 1054 836 de
1073 798 1203 849 quibus
1222 798 1311 837 olim
1327 797 1484 838 fortasse
1501 800 1704 847 curabitur,

1011 877 1131 913 pauca
1154 864 1421 914 decerpamus:
1458 863 1516 902 Μ.
1534 863 1706 915 Capella,

1010 940 1047 976 p.
1076 925 1167 965 136.
1192 926 1219 968 1.
1243 932 1303 967 12.
1346 927 1522 984 Bellaque
1556 940 1708 978 compo-

1011 1004 1129 1040 scens,
1189 1006 1310 1041 arcus,
1373 998 1484 1044 atque
1530 992 1706 1032 Herculis

1011 1058 1220 1104 arma,—in
1242 1059 1424 1110 margine,
1454 1071 1678 1110 compescens
1692 1071 1706 1096 .-

1013 1121 1126 1159 Delia
1161 1123 1250 1162 MS.
1292 1123 1477 1169 Cantab.;
1534 1123 1706 1171 fortasse,

1009 1186 1190 1226 ‘Deliacos
1216 1202 1370 1239 poscens
1401 1202 1524 1236 arcus,
1562 1189 1599 1227 id
1635 1193 1708 1236 est,

1011 1251 1243 1302 Apollineos.
1309 1254 1353 1293 P.
1378 1251 1467 1298 169.
1493 1253 1519 1291 l.
1539 1258 1578 1293 3.
1612 1251 1707 1291 illud

1013 1317 1163 1374 Sereni:
1210 1317 1393 1356 Peritavit
1428 1316 1592 1367 avipedis
1628 1315 1709 1354 ani-

1011 1382 1108 1420 mula
1126 1382 1273 1432 leporis.
1331 1382 1447 1433 Lego,
1476 1381 1603 1430 Perit,
1618 1381 1709 1430 abit,

1012 1446 1057 1485 P.
1074 1451 1165 1485 224.
1184 1447 1210 1485 l.
1233 1451 1295 1485 14.
1336 1446 1466 1485 Omnes
1499 1446 1711 1498 Indicoma-

1012 1526 1096 1550 rum
1135 1512 1236 1565 fuco
1282 1513 1514 1551 decorantur.
1590 1512 1708 1564 Lego,

1014 1576 1159 1614 Omnes
1196 1575 1286 1614 Indi
1323 1576 1504 1615 comarum
1549 1575 1634 1614 fuco
1669 1575 1707 1613 d.

1013 1638 1058 1675 P.
1091 1642 1185 1683 273.
1223 1638 1250 1676 1.
1283 1643 1350 1683 27.
1410 1645 1707 1690 astreantemque

1016 1702 1182 1740 Uranien
1213 1709 1314 1741 certe
1348 1695 1571 1756 Libyssam]
1592 1703 1709 1755 Lego,

1012 1767 1180 1804 Astrean
1215 1767 1446 1819 Theminque,
1492 1769 1543 1807 U.
1616 1769 1708 1808 Aul.

1014 1831 1114 1869 Gell.
1129 1844 1166 1881 p.
1180 1835 1243 1870 85.
1256 1832 1283 1870 l.
1297 1831 1349 1872 26
1359 1834 1431 1884 (ed.
1445 1834 1566 1872 Paris.
1576 1835 1708 1883 1585.)

1011 1903 1053 1935 ut
1069 1897 1107 1935 in
1126 1898 1325 1937 nobis—ut
1339 1900 1379 1937 in
1395 1899 1474 1938 obis
1498 1899 1586 1939 MS.
1611 1899 1708 1952 lege,

1011 1962 1069 1999 uti
1087 1962 1200 2001 nobis.
1252 1964 1425 2004 Catullus
1453 1967 1499 2004 de
1522 1967 1616 2018 Aty,
1641 1971 1707 2015 74.

1015 2028 1148 2067 Roseis
1189 2035 1232 2067 ut
1267 2030 1355 2068 huic
1396 2031 1535 2068 labellis
1573 2031 1708 2081 palam·

1013 2092 1154 2130 sonitus
1175 2093 1267 2140 abit,
1296 2094 1389 2144 lege,
1415 2095 1547 2133 Roseis
1573 2101 1616 2134 ut
1643 2097 1706 2136 hic

1012 2156 1151 2195 labellis
1185 2157 1326 2195 sonitus
1365 2153 1502 2198 Cm'xs
1537 2160 1629 2198 adiit
1663 2160 1706 2214 (f.

1012 2220 1128 2271 abiit),
1159 2226 1202 2259 ut
1219 2235 1345 2271 supra,
1364 2235 1402 2261 v.
1418 2227 1483 2262 42.
1523 2223 1584 2262 Ibi
1614 2239 1708 2265 som-

1011 2298 1079 2325 nus
1108 2285 1265 2324 excitum
1297 2287 1401 2336 Atyn
1417 2286 1579 2340 fugiens
1610 2288 1715 2328 citus.

1012 2351 1116 2398 abiit,
1134 2356 1170 2389 et
1186 2365 1224 2390 v.
1237 2356 1303 2390 30.
1332 2351 1495 2391 Viridem
1513 2354 1609 2392 citus
1625 2354 1707 2393 adit

1011 2417 1205 2456 -Cmss
1237 2417 1452 2468 absorptum
1483 2423 1539 2456 est
1565 2431 1589 2456 a
1613 2431 1707 2467 prae-

1011 2481 1162 2523 cedente
1180 2481 1373 2520 Scsmws
1392 2480 1451 2532 [ut
1465 2480 1598 2519 δίκαιος·
1612 2477 1718 2519 οῙὶιιῖ

1010 2559 1034 2584 a
1062 2546 1179 2585 δοκεῖν
1206 2546 1305 2596 apud
1335 2544 1506 2596 AEschyl.
1527 2545 1704 2595 Septheb.

1011 2614 1133 2664 592.].
1164 2612 1311 2650 Lucret.
1330 2624 1369 2659 v,
1385 2608 1477 2656 969.
1497 2609 1706 2650 Nudabant

1010 2682 1132 2724 terrae,
1174 2681 1369 2719 nocturno„
1390 2679 1550 2724 tempore
1585 2674 1704 2725 capti,

1011 2741 1157 2780 Circum
1201 2754 1240 2779 se
1271 2739 1386 2793 foliis
1431 2744 1467 2777 et
1499 2738 1703 2792 frondibus

1007 2806 1242 2846 involventes.
1288 2803 1408 2844 Codd.
1431 2803 1549 2843 Nuda
1566 2803 1703 2843 dabant
