1864 3132
937 220 988 276 6*

240 331 278 375 et
301 332 411 373 unius
441 331 588 373 Heinsii
614 329 818 372 secundum
842 331 940 370 Bur-

241 410 438 445 mannum‚
470 410 544 435 non
573 396 718 446 disputo
730 409 742 441 3
784 395 850 434 sed
879 394 939 434 aio

238 461 468 501 retinendam
494 473 575 500 esse
591 459 787 511 vulgatam
814 459 940 500 lectio-

238 538 327 565 nem
350 525 504 564 vetustis
531 523 762 576 editionibus,
790 525 939 576 (nempe

239 590 370 629 Parm.
393 593 509 635 1489.
538 589 636 628 Ven.
669 594 786 639 1493,
820 596 937 639 1498.

237 654 360 693 Paris.
394 652 511 699 1496.
555 653 647 693 Ald.
681 657 799 694 1504.
837 657 937 697 Ven.

241 721 375 769 1513.)
401 723 488 757 ante
516 718 662 758 Heinsii
686 724 857 770 tempora
881 722 938 761 in-

235 782 368 821 nixam
384 788 423 821 et
445 782 651 823 firmatam.
693 784 739 823 In
755 784 872 823 altero
888 794 936 820 ex

236 847 371 895 Ponto,
393 854 529 898 proesto
547 854 603 888 est
619 854 685 888 tua
701 846 784 888 edd.
805 850 934 888 Parm.

238 916 357 958 1489.
366 913 465 952 Ven.
477 918 593 960 1498.
602 914 692 953 Ald.
705 917 836 961 1533.;
848 926 936 953 ocu-

233 978 292 1018 los
310 985 429 1019 restat
446 985 514 1020 tua
533 995 672 1033 semper
690 982 825 1036 imago,
839 981 934 1021 mihi

233 1042 336 1082 haud
347 1044 569 1096 displiceret,
575 1046 646 1085 nisi
657 1046 781 1086 adstat
791 1047 932 1085 dudum

233 1108 453 1149 restituisset
475 1111 524 1149 R.
543 1111 814 1151 Beni-mnus.
844 1111 931 1151 Sen.

234 1171 394 1223 Thyest.
413 1178 507 1218 744.
538 1175 816 1215 Exhorruistis?
840 1175 932 1214 hac-

233 1239 341 1274 tenus
355 1236 467 1275 sistat
479 1236 597 1285 nefas,
610 1239 699 1278 Pius
713 1245 780 1279 est.
810 1239 931 1277 sistat

235 1301 477 1353 sagacissime
509 1303 670 1344 restituit
707 1305 761 1343 N.
797 1304 930 1344 Heius.

234 1364 283 1404 ad
303 1364 474 1406 Sil..1tal.
494 1376 546 1412 11,
574 1363 667 1413 639.
696 1367 762 1418 [tu
787 1373 931 1406 stas—-

236 1428 373 1469 Edinb.
393 1431 490 1470 Rev.
511 1445 658 1472 xxxv,
683 1435 795 1487 388]
826 1434 932 1480 Quo-

234 1495 338 1535 niam
365 1509 454 1535 vero
481 1497 640 1538 licentiae
663 1499 774 1550 hujus
792 1500 932 1550 perdite

235 1565 407 1600 amantes
440 1574 526 1601 eam
558 1563 672 1602 nimis
703 1564 798 1603 mihi
836 1577 933 1615 prae-

233 1623 350 1663 fracte
394 1625 565 1666 videntur
609 1627 813 1678 defendere,
852 1643 934 1669 rem

233 1688 393 1728 arduam
403 1695 440 1729 et
451 1692 667 1742 periculosae
680 1695 831 1746 plenam
842 1693 934 1733 aleae

234 1751 364 1791 timide
381 1756 588 1807 aggrediar.

236 1871 381 1913 Littera
405 1878 458 1914 oro*
483 1879 558 1916 σοῖν
580 1891 644 1919 seu
665 1881 796 1927 σίγμα,
821 1890 936 1929 quam

235 1943 366 1989 postea
384 1941 505 1980 Dores
533 1947 571 1981 et
598 1943 720 1982 Boeoti
745 1948 936 1994 tantopere

235 2002 478 2053 refugiebant,
497 2005 536 2043 in
552 2006 676 2055 prisca
689 2006 850 2044 Hellade
862 2006 936 2045 for-

236 2066 344 2104 mam
366 2067 607 2107 veterrimam
635 2082 655 2108 e
681 2069 830 2110 sinuoso
860 2083 937 2109 ser-

234 2130 355 2181 pentis
365 2131 555 2171 volumine
566 2133 754 2174 derivasse
770 2135 915 2173 videtur
925 2149 936 2181 ;

234 2201 273 2235 et
305 2196 488 2246 paulatim
519 2197 559 2236 in
597 2197 735 2237 lineam
769 2200 936 2239 aculeate

235 2264 440 2310 tornatam,
494 2268 562 2303 aut
611 2263 651 2303 in
694 2269 936 2303 curvaturam

238 2325 369 2363 eodem
430 2325 519 2376 styli
580 2326 694 2366 ductu
750 2328 935 2380 utrimque

237 2390 367 2430 leniter
383 2390 586 2438 deflexam,
609 2392 799 2443 vergebat,
827 2396 937 2443 prout

239 2453 412 2503 materia,
456 2455 496 2493 in
546 2468 622 2506 qua
663 2463 819 2496 exarata
864 2462 933 2505 est,

238 2519 301 2558 vel
323 2520 430 2568 dura,
454 2525 497 2559 ut
520 2532 688 2559 marmor
716 2527 754 2561 et
778 2522 935 2571 lamina,

238 2582 302 2623 vel
317 2583 443 2622 mollis
459 2589 498 2622 et
512 2596 620 2623 cerea
635 2585 770 2626 extitit.
826 2588 938 2639 Ejus-

237 2649 325 2689 dem
367 2649 593 2689 characten's
637 2649 771 2702 figura,
814 2653 938 2692 nescio

239 2712 400 2766 quando,
446 2718 545 2752 certe
585 2713 771 2763 Euripidis
812 2721 936 2762 aetate,

240 2776 373 2830 molles
400 2782 466 2816 aut
486 2776 627 2817 tortiles
644 2778 798 2829 capillos
814 2780 940 2819 imita-

239 2842 363 2891 batur,
394 2846 438 2881 ut
461 2853 483 2880 e
508 2840 618 2881 tertia
637 2841 761 2882 littera
778 2843 937 2884 nominis

984 328 1206 373 &HJEU
1221 343 1286 371 seu
1310 328 1530 372 eumn
1547 334 1679 381 putata

984 395 1128 450 Τρίτον
1172 394 1213 435 δὲ
1256 393 1486 450 βόστρυχός
1531 410 1588 434 τις
1634 397 1680 434 dt

982 458 1194 509 εἱλιγμένος,
1239 473 1354 512 quam
1394 459 1444 498 R.
1474 460 1536 506 Ρ.,
1582 463 1679 498 teste

984 524 1214 565 amicissimo
1230 526 1278 565 Ρ.
1297 526 1343 564 Ρ.
1362 525 1538 573 Dobraeo,
1566 524 1683 576 perite

983 590 1098 642 digito
1141 591 1190 629 ab
1232 589 1403 642 occipitio
1457 590 1507 629 ad
1560 588 1681 628 imam

983 652 1070 693 colli
1093 654 1304 693 vertebram
1331 653 1471 692 sensim
1489 646 1683 692 delabente

982 719 1198 758 illustravit.
1256 720 1318 758 De
1355 719 1492 757 virtute
1523 715 1684 756 metrica

982 788 1080 822 retro
1113 787 1212 830 aeta,
1258 794 1335 833 qua
1377 779 1520 820 vocalis
1555 778 1680 818 brevis

983 852 1069 885 ante
1101 864 1163 895 σκ,
1199 862 1265 894 σμ,
1296 861 1366 894 cvr,
1403 861 1472 891 στ,
1506 848 1533 868 “
1563 841 1683 894 sylla·

982 913 1072 951 bam
1102 913 1255 950 brevem
1272 921 1464 962 nunquam
1487 907 1679 954 terminat,

981 978 1046 1016 sed
1081 977 1120 1016 in
1152 976 1284 1015 eadem
1327 987 1417 1013 cum
1442 971 1685 1024 sequentibus

980 1042 1165 1090 consonis,
1193 1053 1277 1092 quae
1293 1039 1445 1091 proinde
1466 1038 1581 1089 longa
1595 1048 1686 1076 eva-

979 1109 1054 1155 det,
1099 1106 1286 1153 effertur,”
1318 1104 1422 1144 hisce
1453 1101 1686 1154 temporibus

979 1171 1072 1211 nulli
1082 1171 1308 1209 dubitamus.
1320 1173 1346 1192 “
1357 1167 1458 1206 Ante
1470 1166 1556 1214 σκ,”
1566 1164 1687 1216 inquit

981 1234 1167 1286 Heynius,
1193 1238 1219 1257 “
1237 1245 1305 1271 nec
1323 1230 1513 1270 Homerus
1530 1229 1684 1267 brevem

979 1310 1128 1338 servare
1161 1295 1358 1343 dubitavit,
1393 1299 1437 1332 ut
1467 1294 1509 1332 ἐν
1536 1292 1683 1341 λειμόνι

978 1362 1252 1417 Σκαμανδρῖῳ”
1285 1361 1333 1400 ad
1359 1361 1448 1399 AEn.
1476 1370 1543 1398 211.
1588 1362 1683 1410 309.

980 1431 1121 1477 Immo,
1151 1430 1259 1467 docte
1292 1426 1498 1473 Professor,
1525 1430 1612 1464 ante
1635 1440 1682 1464 σκ

981 1493 1170 1532 Homerus
1178 1492 1332 1530 brevem
1344 1502 1492 1541 semper
1500 1489 1686 1542 producit,

981 1555 1251 1610 εἰΚαμανδρίῳ
1269 1555 1448 1594 exhibent
1458 1553 1579 1593 MSS.
1592 1551 1685 1592 olim

981 1623 1333 1668 TOWNLEIANUS,
1345 1625 1383 1659 et
1393 1620 1466 1659 duo
1478 1617 1688 1667 Harleiani,

982 1686 1081 1727 conf.
1121 1686 1315 1738 Theogon.
1349 1687 1443 1725 345.
1505 1684 1551 1722 In
1581 1683 1686 1722 initio

983 1751 1178 1792 nominum
1210 1752 1245 1789 Σ
1277 1749 1492 1801 aspirationi
1532 1749 1687 1788 subinde

984 1814 1170 1865 morigera
1198 1812 1293 1858 fuit;
1334 1824 1402 1851 nee
1435 1811 1594 1863 injuria:
1625 1810 1686 1850 καὶ

983 1896 1059 1934 γαρ
1095 1878 1153 1927 δή,
1196 1897 1224 1918 ω
1261 1876 1477 1932 Σόκρατες,
1524 1877 1590 1925 τό,
1636 1892 1684 1916 τε

985 1944 1103 1991 σίγμα
1131 1958 1210 1980 των
1235 1939 1391 1993 α’φωνων
1416 1939 1516 1988 ἐστὶ,
1545 1939 1685 1994 ψόφος

985 2023 1042 2047 τις·
1059 2005 1185 2055 μόνον,
1215 2004 1296 2047 οἷον
1328 2004 1582 2061 ‹rupiaco-ione
1613 2007 1685 2053 τῆφ

984 2070 1174 2122 γλαιῖσσης·
1219 2071 1330 2110 Pla-00
1346 2071 1494 2111 Thaet·
1513 2074 1606 2110 203.
1634 2070 1685 2110 Β.

985 2138 1087 2178 Hinc
1121 2136 1316 2191 Σακχηνοι
1353 2134 1550 2190 Ἀκχηνοι·
1580 2136 1686 2174 Σαλο

983 2204 1172 2253 μυδησσὸς
1199 2199 1474 2250 Ἀλμυὸησσός·
1517 2196 1692 2255 Σανδρό->

983 2284 1127 2308 xor-ros·
1155 2264 1450 2321 Ἀνδρόκοττος·
1489 2264 1683 2319 Σαρδιαῒοι

983 2333 1179 2388 Ἀρδιαῖοι·
1237 2332 1486 2380 Σαλμαντίκα
1522 2331 1687 2379 ‘Alman-

984 2400 1071 2437 τίκα
1109 2397 1190 2436 sive
1234 2397 1479 2444 Ἐλμαντίκα·
1535 2393 1684 2434 Σέλλατ

975 2463 1136 2503 '‘Enae·
1150 2461 1355 2513 Σεξιτανὶα
1369 2459 1576 2512 ‘Effe-mula·
1591 2458 1687 2511 Σερ-

982 2524 1102 2574 'admon
1129 2523 1333 2579 Ἑρμόλαον
1378 2520 1698 2575 ΣίμυραἽμνραί

985 2588 1219 2644 Συσπιρᾶτις·
1237 2587 1474 2641 ’Υσπιροίτιν
1493 2592 1566 2625 etc.
1593 2593 1631 2624 et
1645 2585 1685 2624 in

985 2653 1108 2693 medio
1123 2651 1344 2697 nominum3
1377 2657 1431 2699 ut,
1450 2649 1686 2702 Θεστίδειον,

985 2715 1092 2756 πόλις·
1130 2716 1425 2763 θεσσαλονίκηο,
1469 2715 1686 2755 Ἑλλάνικος

986 2781 1027 2821 δὲ
1044 2780 1136 2835 δίχα
1155 2780 1228 2818 τοῦ
1246 2796 1272 2817 σ
1291 2777 1418 2831 φησὶν,
1430 2775 1514 2817 dud
1527 2777 1686 2820 Θέτιδος

989 2844 1119 2896 Steph.
1138 2845 1262 2898 Byz.;
1289 2849 1328 2884 et
1350 2842 1397 2883 L.
1421 2841 1550 2884 Holst.
1581 2843 1630 2884 ad
1656 2841 1685 2884 l.
