1864 3132
839 214 938 264 179

165 322 349 360 AEolicam
374 322 536 361 vicinam
563 325 649 370 post
677 332 717 357 se
748 319 858 371 longo

165 387 386 438 relinqueret
401 384 608 433 intervallo.

223 451 247 489 J
249 465 312 489 am
331 456 476 490 constat
490 450 659 501 linguam
678 449 858 488 Graecam

166 514 205 551 in
223 521 296 554 tres
314 517 472 566 majores
491 514 706 565 partitiones
732 514 859 560 dividi,

169 579 351 617 AEolicam
367 579 445 617 sive
463 578 657 626 Doricam,
678 578 708 615 I
706 578 859 626 unicam,

168 647 206 680 et
222 630 401 682 Atticam.
459 642 605 680 Verum
636 648 679 680 ut
713 655 760 680 ex
791 642 861 679 lin-

165 719 250 758 guae
285 708 536 758 progressione
570 707 681 745 faetae
714 706 860 744 fuerunt

163 771 240 810 illae
269 772 495 822 partitiones,
525 772 578 810 sic
605 784 759 823 quaeque
777 784 861 821 par-

163 837 246 875 titio
274 837 389 875 habet
416 850 502 876 suas
534 838 746 885 varietates,
778 850 862 876 sua—

167 915 238 952 que
267 902 414 940 minora
443 903 707 954 progressionis
741 902 859 954 signa.

154 966 286 1013 ·Nam,
339 967 400 1018 qui
441 967 511 1005 has
535 980 610 1006 'res
649 967 859 1019 diligentius

166 1036 385 1079 tractarunt,
450 1031 677 1070 AEolismum
731 1033 862 1071 Doris-

168 1111 344 1149 mumque
372 1107 583 1137 memorant
615 1100 859 1151 antiquiorem

166 1168 205 1200 et
221 1163 485 1202 recentiorem:
507 1151 692 1210 ‘fonicam
716 1162 860 1216 quoque

153 1234 331 1268 'veterem
348 1236 570 1268 et‘novam:
613 1232 723 1281 cujus
745 1232 859 1269 etiam

167 1307 413 1348 χαρακτηρες
450 1311 666 1350 vesco-apes·
702 1298 749 1334 ab
782 1295 861 1334 He-

155 1360 298 1397 *rodoto
345 1359 395 1409 [1,
426 1362 531 1412 142]
593 1367 859 1400 memorantur.

170 1423 269 1461 Vide
282 1423 443 1461 Bentleii
464 1425 622 1462 Dissert.
639 1438 675 1474 p.
695 1425 861 1477 [399=]

172 1493 263 1533 289.
280 1489 337 1526 ed.
354 1489 471 1540 Lond.
494 1486 610 1534 1777.
649 1490 862 1538 Atticorum

169 1553 347 1592 dialectus
382 1553 497 1591 etiam
541 1554 677 1603 triplex
699 1547 863 1592 dicitur.

156 1617 288 1656 vAttici
339 1618 438 1655 enim
490 1619 670 1656 audiunt·
699 1614 863 1666 Veteres,

171 1682 306 1730 Medii,
338 1682 453 1720 Novi.
479 1708 486 1711 -
510 1680 571 1720 De
599 1683 734 1732 triplici
764 1683 864 1721 Atti-

171 1761 301 1786 corum
335 1747 461 1785 ordine
494 1741 593 1785 vide*
620 1739 864 1785 'Salmasss'de

170 1814 260 1864 ling.
286 1812 435 1859 Hellen.
452 1825 514 1862 pp.
532 1817 625 1859 437,
643 1816 734 1850 438.
762 1805 865 1850 Koe-

170 1880 270 1918 m‘um
318 1878 366 1916 ad
416 1875 654 1937 Gregorium,
701 1890 741 1938 p.
772 1866 865 1916 365.

172 1945 390 1984 Piersonum
408 1934 640 1999 Praefatione¹
648 1935 705 1980 ad
715 1939 865 1990 Moerin‚

173 2025 210 2062 p.
229 2006 294 2057 26,
312 2014 376 2055 2¹7.
395 2015 432 2047 et
448 2014 525 2047 not.
541 2022 579 2058 p.
592 2011 685 2046 405.
715 2007 864 2059 Ταμὼν.

174 2077 256 2116 Ind.
286 2075 404 2114 Attic.
428 2075 476 2112 ad
500 2074 671 2125 Lysiam,
702 2078 740 2111 et
769 2072 866 2110 Ben-

172 2141 309 2187 tleium,
340 2140 403 2178 ubi
426 2140 652 2190 supra.-In
676 2139 750 2176 hac
772 2134 866 2176 ¹vero

173 2206 440 2256 progressione,
464 2206 555 2243 dum
574 2204 696 2242 multa
711 2205 865 2256 antiqua

173 2284 223 2310 ex
246 2283 314 2308 usu
339 2270 550 2317 exciderint,
582 2270 704 2308 multa
722 2282 865 2321 quoque

173 2349 261 2375 cum
290 2335 550 2373 recentioribus
577 2334 691 2372 mista
719 2347 867 2396 reman-

176 2407 313 2440 serunt.
370 2399 421 2438 Et
444 2400 496 2438 sic
521 2399 668 2437 AEolica
688 2382 866 2438 dialectus

173 2467 290 2505 habet
323 2465 444 2503 multa
478 2476 565 2501 cum
599 2464 728 2502 Ionica
766 2478 867 2502 com-

157 2529 350 2578 'muniter,
379 2537 421 2568 ut
453 2529 580 2567 Ionica
608 2541 696 2568 cum
726 2530 868 2571 Attica.

178 2597 240 2635 De
258 2596 385 2634 Ionica
402 2596 474 2633 fere
491 2595 621 2632 eadem
640 2607 727 2633 cum
744 2601 867 2634 vetere

177 2661 320 2708 Attica,
373 2661 456 2699 vide
500 2659 654 2698 Salmas.
700 2659 744 2698 de
777 2659 867 2711 ling.

179 2722 327 2762 Hellen.
345 2739 381 2775 p.
399 2729 491 2765 413.
519 2723 701 2766 Koenium
719 2737 783 2776 pp.
800 2722 865 2766 66.

179 2787 245 2828 68.
270 2795 342 2828 etc.

907 1743 1033 1782 'etiam
1069 1736 1331 1794 scriptoribus:

902 1809 1062 1860 ⁴cuique,
1099 1815 1140 1861 ut
1168 1823 1238 1860 par
1263 1817 1332 1858 est,
1368 1823 1448 1860 quo
1472 1810 1521 1848 sit
1550 1823 1616 1848 an-

904 1875 1072 1926 ‘tiquion
1122 1876 1251 1921 Quam
1270 1876 1440 1927 plurima
1463 1881 1550 1914 sunt
1574 1875 1613 1913 in

903 1934 1088 1990 “Homero
1114 1939 1187 1978 fere·
1214 1941 1407 1990 primaevae
1436 1941 1615 1990 simplici-

906 2001 1006 2043 ³tah‘s
1024 2001 1219 2053 vocabula,
1249 2019 1345 2056 quae,
1366 2011 1407 2043 ut
1424 2005 1613 2055 probabile

967 322 1058 361 Jam
1087 322 1240 360 demum
1259 321 1437 369 ¹dialectis
1466 321 1519 359 sic
1544 322 1605 359 de-

912 387 1045 434 ductis,
1063 380 1175 425 facile*
1183 387 1370 449 AEolicam
1381 400 1468 425 cum
1482 392 1606 425 vetere

915 452 1043 490 Ionica
1077 458 1187 503 atque
1222 452 1329 490 illam
1362 465 1450 490 cum
1481 458 1611 490 vetere.

915 517 1045 554 Attica
1061 518 1319 568 conjungimus
1336 533 1346 563 ;
1380 529 1447 554 nec
1466 516 1604 554 mirum

914 592 994 618 esse
1020 580 1166 618 videtur
1190 581 1228 618 in
1253 580 1396 618 Atticis
1422 579 1607 628 scriptori-

913 646 982 683 bus
1007 646 1176 696 Tragicis
1201 657 1299 695 saepe
1323 650 1431 683 extra
1459 644 1605 682 Choros

912 723 1101 748 occurrere
1120 711 1294 748 dictiones
1321 709 1501 756 AEolicas,
1527 708 1609 747 Do-

913 775 1023 822 ricus,
1057 774 1220 821 Ionicae,
1255 780 1319 813 aut
1353 775 1446 812 alias
1481 776 1607 812 rursus

914 845 981 889 pro
997 839 1142 877 Atticis
1158 840 1195 876 in
1214 839 1429 885 Ελληνικοις
1446 839 1607 889 reperiri.

915 904 1055 943 Athen.
1094 898 1161 951 ιχ,
1194 909 1286 943 402.
1315 904 1361 941 C.
1408 902 1609 957 Αἰσχύλος

915 968 1125 1023 διατρίψας
1170 968 1208 1007 ἐν
1252 969 1405 1019 Σικελίᾳ
1447 972 1608 1005 πολλαῖς·

914 1032 1102 1090 κέχρητᾳι
1121 1039 1258 1086 φωναῖς
1277 1035 1495 1072 Σικελικαῖς.

970 1099 1140 1150 Denique
1171 1099 1267 1137 adeo
1299 1098 1491 1145 AEolicahss
1531 1097 1610 1135 sive

915 1162 1110 1209 Doricam,
1140 1163 1335 1213 antiquam
1361 1162 1473 1200 fuisse
1499 1162 1611 1199 Grae-

915 1227 984 1265 ciae
1026 1227 1242 1275 dialectum,
1296 1234 1341 1276 ¹et
1390 1233 1610 1265 caeterarum

915 1292 1159 1331 dialectorum
1186 1294 1392 1344 principem
1427 1305 1472 1330 ac
1505 1293 1611 1343 quas'i

916 1363 1091 1410 matrem,
1110 1358 1334 1406 statuamus,
1354 1371 1467 1410 quam
1484 1358 1613 1408 loque-

915 1424 1050 1460 bantur
1067 1435 1141 1461 non
1158 1412 1234 1461 una
1251 1437 1352 1474 gens,
1381 1424 1444 1461 sed
1469 1423 1611 1473 antiqui

917 1488 1076 1525 universi
1095 1488 1234 1534 Graeci,
1260 1489 1354 1525 unde
1374 1494 1519 1526 caeterae
1546 1501 1611 1535 va-

904 1545 979 1589 'riis
1013 1557 1169 1590 mutatae
1204 1553 1326 1590 causis
1362 1549 1609 1591 defluxerunt.

918 1614 1150 1673 Veneranda!
1162 1615 1267 1654 istius
1276 1616 1502 1667 antiquitatis
1514 1616 1612 1654 mul-

916 1685 957 1718 ta
982 1685 1072 1717 >sunt
1101 1681 1259 1731 vestigia
1289 1681 1328 1718 in
1352 1682 1612 1720 recentioribus

1382 1745 1491 1795 plura
1523 1757 1614 1784 vero
1640 1751 1644 1753 “

918 2076 987 2118 est,
1030 2083 1144 2121 quum
1180 2071 1365 2116 scriberet,
1406 2070 1509 2121 vulgi
1543 2083 1613 2109 usu

918 2133 1112 2180 excidisse,
1130 2133 1184 2171 ita
1198 2133 1308 2183 plane
1325 2138 1472 2171 constat
1489 2145 1614 2184 gram-

920 2198 1078 2236 maticos
1112 2202 1269 2245 veteres,
1310 2197 1372 2248 qui
1407 2202 1492 2246 post
1524 2209 1611 2234 eum

919 2263 1104 2307 vixerunt,
1150 2261 1283 2300 ‘eorum
1317 2274 1403 2299 cum
1438 2259 1611 2310 origines,

919 2318 1001 2365 tum
1035 2325 1332 2375 significationes,
1365 2336 1499 2373 parum
1531 2335 1613 2373 per-

920 2389 1098 2441 spexisse.

918 2455 1017 2492 mero
1047 2454 1158 2506 α’παξ
1186 2461 1386 2501 λεγομενα,
1415 2458 1473 2491 tot
1500 2465 1614 2490 voca-

920 2510 1021 2564 bula,
1054 2529 1137 2567 quae
1171 2529 1197 2554 a
1224 2515 1340 2565 poetis
1376 2514 1488 2554 fuisse
1523 2515 1614 2553 ficta.

921 2583 1062 2629 dicunt,
1090 2586 1128 2619 et
1144 2582 1201 2619 tot
1218 2579 1305 2627 alia,
1333 2579 1481 2632 quaesad
1498 2579 1615 2630 poeti-

922 2661 1009 2690 cam
1052 2645 1242 2684 licentiam
1287 2644 1504 2692 referuntur,
1549 2644 1614 2682 sed

923 2725 1007 2765 quae
1037 2711 1163 2750 forsan
1192 2723 1218 2748 a
1244 2715 1429 2748 vetustate
1459 2709 1614 2758 repetita

920 2774 1066 2830 fuerint,
1079 2779 1190 2829 'atque
1201 2780 1330 2815 extant
1342 2774 1608 2826 antiquissimae

1231 2851 1255 2876 B
1278 2851 1302 2876 B

1165 2389 1289 2439 Atque
1323 2387 1410 2425 hinc
1444 2393 1501 2425 tot
1530 2386 1613 2425 Ho-
1665 2392 1671 2398 '
