1864 3132
121 1411 192 1468 ’23
196 1426 222 1466 5
260 1394 517 1463 sententia.

946 259 1048 308 416

577 411 1025 475 Emendationes
1048 419 1124 494 ⁴in
1164 419 1389 475 RANAS.
1413 452 1425 458 -
1485 411 1488 415 ’
1535 414 1554 419 ”

1570 478 1705 502 .=·i··

266 530 323 578 V.
349 540 402 579 3.·
428 535 501 588 Νη
535 552 615 579 τον
651 537 727 590 Δι,
762 531 835 578 ὁτι
869 532 1026 591 βουλε-ι
1061 554 1138 595 γε,
1174 541 1293 591 πλην
1327 534 1547 601 πιεζομαι,
1602 552 1608 593 3
1672 554 1693 566 ·’

425 615 573 659 Τουτο
607 607 653 659 δε
688 610 904 677 φυλαξαι·
954 633 1068 660 *te-aim
1103 633 1200 677 ’γαρ
1234 635 1321 661 εστ
1355 610 1434 670 ηδη
1467 613 1633 679 χολη]

264 700 558 751 scholiastes
593 702 655 749 ad
685 701 875 750 locum:
901 726 903 729 ¹
929 706 1055 749 Πανυ
1082 723 1179 766 ’γαρ
1201 724 1287 751 εστ
1310 701 1389 760 ηδη
1413 703 1558 769 χολη]
1600 707 1714 752 Α’ντι

262 804 346 831 του
370 789 502 831 πολυ.
537 804 594 830 το
618 778 664 829 δε
688 788 823 839 πολυ,
858 804 936 829 καν
960 805 985 850 ῃ
1010 788 1171 843 Ὑλυκυ,
1207 804 1398 847 πονηρον
1426 783 1565 831 (ἐστιν’
1616 781 1712 830 Ain

261 875 379 909 vero
393 866 512 908 πολυ
532 880 628 925 *γαρ
651 881 736 908 εστ
759 855 836 916 ηδη
860 856 1010 924 χοληῗ
1047 858 1243 917 Adeste,
1265 866 1513 924 quotquot
1529 859 1712 925 ubique

261 938 376 986 estis
417 936 600 1001 OEdipi,
641 943 790 1001 atque
826 936 920 984 hoc
958 952 1056 984 non
1081 942 1179 984 tam
1206 935 1713 1000 interpretamentum.

261 1031 409 1080 quam
433 1015 646 1081 aenigma
666 1013 921 1079 explicate.

994 1013 1311 1072 FrischlinuS,
1350 1030 1448 1078 qua
1471 1021 1578 1062 erat
1597 1029 1715 1078 pru·

259 1092 442 1149 dentia,
489 1092 639 1140 verba
684 1091 791 1157 jam
849 1091 1091 1153 descripta
1145 1091 1196 1138 in
1242 1092 1469 1139 versione
1495 1090 1711 1156 penitus

260 1170 493 1237 neglexit.

566 1171 731 1236 Atque
772 1186 831 1218 ea
860 1170 1083 1234 profecto
1115 1170 1352 1236 ejusmodi
1387 1178 1515 1229 sunt,
1555 1177 1612 1219 ut
1649 1170 1714 1219 ad

260 1246 447 1317 nullum
482 1245 613 1294 aliud
648 1246 939 1311 exemplum,
965 1246 1015 1294 in
1042 1262 1139 1310 quo
1165 1244 1435 1311 reperiatur
1457 1263 1552 1295 vox
1575 1254 1711 1312 χολη,

259 1323 329 1371 ita
363 1323 495 1388 exigi
530 1339 671 1387 posse
701 1323 974 1380 videantur,
1014 1329 1069 1370 ut
1105 1323 1183 1372 vel
1222 1323 1426 1372 ferenda
1466 1323 1713 1389 exoriatur

590 1401 772 1465 Ecquis
819 1416 1036 1465 unquam
1082 1408 1182 1449 tam
1227 1398 1502 1451 *nude‘et‘
1536 1402 1713 1469 jejune

259 1479 380 1527 dixit
403 1501 506 1528 εστι
529 1476 685 1543 χοληῗ
753 1478 907 1528 Nunc
929 1479 1039 1528 vide
1061 1495 1229 1529 annon
1253 1496 1355 1529 rem
1379 1497 1471 1530 acu
1494 1482 1712 1548 tetigisse

261 1555 493 1604 censendi
516 1554 692 1604 simus:

329 1647 402 1703 Νὴ
432 1667 513 1693 τον
544 1650 604 1692 Δι
635 1643 710 1692 ὅτι
741 1644 899 1704 βουλει
927 1666 1003 1707 γε,
1039 1652 1160 1703 πλην
1189 1645 1410 1712 πιεζομαι·

330 1730 374 1773 T
375 1748 481 1773 ουτο
509 1722 556 1772 δε
585 1724 799 1790 φυλαξαι·
837 1747 951 1774 πανυ
985 1747 1082 1789 ’γαρ
1116 1748 1202 1774 εστ
1235 1723 1312 1783 min
1346 1725 1601 1774 ΣΧΟΛῙ-Ι.86

263 1814 526 1872 Dicamne,
556 1830 583 1861 o
608 1812 740 1872 here,
772 1830 942 1863 eorum
968 1814 1236 1880 quidquam
1261 1831 1370 1881 quoe
1391 1813 1553 1863 'm'sum
1576 1829 1712 1878 spec·

263 1894 509 1944 tatoribus
541 1892 761 1941 excitare
789 1892 987 1941 solent?
1022 1897 1252 1941 BACCH.
1289 1891 1450 1942 Immo,
1476 1888 1714 1956 quidquid

263 1971 354 2020 tibi
375 1969 524 2028 lubet,
552 1970 915 2035 (praeterquam
937 1985 1160 2033 premor3
1198 1968 1261 2017 ab
1285 1967 1376 2016 Ῐιοο
1400 1972 1569 2015 autem
1592 1972 1711 2016 tem-

255 2062 421 2112 peres,
443 2045 592 2095 velim
612 2050 663 2108 :)
699 2044 897 2094 omnino
931 2045 1063 2092 enim
1080 2043 1198 2108 jam
1219 2051 1382 2116 vacat.

318 2157 382 2194 85.
401 2157 426 2178 ‘⁴
437 2154 567 2192 Potest
576 2152 702 2190 forsan
713 2150 785 2202 legi
797 2150 962 2205 σχολή.”

244 2218 246 2220 ’
266 2217 571 2258 Sanctamandus.
599 2216 706 2271 χολή
735 2216 787 2263 D,
807 2215 853 2263 E,
869 2214 961 2262 1,'P,

263 2291 304 2325 et.
318 2284 402 2323 edd.
421 2289 497 2321 tres
526 2282 738 2333 primariae;
777 2287 803 2305 “
827 2281 961 2319 Suidas

265 2364 303 2388 v.
349 2347 457 2396 πάνυ,
504 2347 604 2386 male
651 2347 798 2401 σχολή.
846 2359 963 2397 neque

267 2414 452 2452 Kusterus
463 2411 661 2450 correxit.''
686 2410 737 2448 R.
752 2410 799 2448 Β.
829 2410 963 2457 Recte3

265 2491 397 2519 sensus
412 2482 484 2523 est,
500 2476 721 2527 jamdudum
738 2475 827 2513 mihi
836 2475 964 2527 facile

249 2544 324 2595 fit,
370 2546 412 2580 ut
457 2531 624 2578 iras'car:
667 2553 818 2578 necesse
863 2540 962 2578 enirn

266 2606 400 2646 habui-t
439 2604 613 2642 Bacchus
648 2605 696 2641 ad
731 2604 866 2642 inferos
901 2605 964 2642 de-

266 2671 453 2718 scendere,
480 2675 522 2708 ut
546 2669 763 2719 Euripidem
786 2670 961 2716 reducat3

267 2744 305 2777 et
350 2737 422 2776 hoc
467 2734 523 2773 illi
568 2734 853 2772 incommodum
893 2734 963 2773 iter

267 2803 414 2857 πλευραὶ
449 2799 622 2854 γυμνάζει
657 2801 776 2854 χολῇ.
834 2800 963 2850 Eurip.

268 2869 453 2908 Androm.
479 2870 571 2911 733.
617 2864 661 2903 οὗ
689 2865 765 2919 *γάρ
797 2864 965 2918 ἄφθονον

976 2169 979 2173 ,
1016 2152 1169 2206 σχόλην
1182 2150 1276 2206 ἔχω.
1296 2151 1424 2205 χολήν
1442 2149 1549 2190 ιιι).
1569 2152 1714 2208 Adv'gs.

1016 2230 1053 2267 p.
1069 2219 1160 2255 225.
1183 2222 1218 2254 1.
1237 2215 1466 2266 406÷403.
1483 2222 1510 2241 “
1523 2216 1712 2258 senarium

1015 2282 1143 2320 facit.”
1179 2281 1230 2320 R.
1249 2282 1297 2320 Β.
1344 2287 1381 2322 3.
1418 2296 1466 2321 ex
1498 2284 1556 2322 ed.
1580 2276 1714 2324 41532.

1019 2346 1066 2385 P.
1087 2347 1135 2385 Ρ.
1157 2346 1239 2393 D.;
1269 2352 1292 2370 “
1314 2346 1408 2397 lege,
1438 2346 1483 2393 ἦν
1500 2347 1714 2397 α’λισθόμεν

1018 2412 1165 2466 σχολῇ.
1184 2411 1269 2448 vide
1279 2410 1586 2461 Hesych.Suid.”
1602 2410 1653 2450 R.
1666 2411 1717 2451 B.
1740 2443 1744 2447 ,

1018 2473 1064 2522 ἦν
1099 2474 1224 2514 ἕλεσθ’
1254 2473 1340 2521 ἧμιν
1373 2475 1508 2529 σχολῇ
1542 2474 1648 2514 Junt.
1683 2489 1714 2515 1.

1018 2538 1043 2596 ᾗ
1079 2538 1230 2587 μάλισθ’
1266 2542 1351 2587 η’μΐν
1394 2537 1529 2593 σχολή
1572 2539 1715 2589 optime

1018 2604 1138 2642 Codd.
1148 2605 1249 2654 Aug.
1261 2603 1359 2653 apud
1368 2602 1533 2641 anck.
1545 2610 1583 2642 et
1591 2603 1712 2643 Ram:

1016 2675 1039 2693 ‘⁴
1055 2668 1229 2717 μάλιστα
1251 2668 1384 2724 σχολαὶ
1412 2667 1522 2706 Plato
1540 2668 1655 2719 Apol.
1675 2669 1716 2708 S.

1017 2748 1054 2785 p.
1075 2733 1167 2772 361.
1201 2734 1247 2772 C.
1275 2734 1333 2772 ed.
1358 2733 1522 2772 Laemar.
1523 2735 1548 2752 ’³
1593 2733 1644 2772 R.
1662 2733 1713 2772 P.

1018 2799 1117 2849 apud
1130 2797 1178 2836 P.
1187 2799 1232 2837 P.
1242 2797 1316 2837 D.-
1306 2809 1445 2849 ,quem
1458 2797 1555 2836 conf.
1567 2797 1717 2844 Traeis,

1019 2877 1083 2916 pp.
1103 2868 1223 2911 23,4.
