1864 3132
948 266 1046 318 182

281 366 634 418 confirmemus.

707 365 925 416 Primum
949 375 1112 417 autem
1141 375 1230 428 est,
1265 371 1395 435 quod
1417 371 1519 422 huc
1534 370 1722 422 faciant

279 461 381 494 uno
420 460 659 492 consensu
701 450 918 492 veterum
959 446 1245 495 testimonia.

278 521 522 586 praecipua
546 520 664 568 libet
696 521 982 570 describere.

1325 448 1514 498 Horum
1553 442 1717 499 autem

1056 527 1088 546 “
1111 523 1177 571 At
1208 526 1512 590 grammatici
1549 526 1717 575 saltem

280 603 312 623 “
335 613 503 645 omnes
548 598 598 645 in
644 598 771 646 hanc
817 599 1144 648 descendunt3
1197 617 1359 650 rerum
1414 604 1717 662 tenuitatem,

277 721 325 759 ab
353 720 575 761 Aristarcho
602 721 755 773 aliisque
782 727 971 760 mutatum

276 782 431 823 monent
443 800 454 832 3
495 791 664 824 attamen
687 786 863 837 exiguam
887 800 973 836 pro-

275 850 371 889 fecto
404 844 773 899 commentariorum,
817 865 973 902 praeser-

275 915 345 952 tim
365 916 622 963 vetustiorum,
649 916 688 954 in
712 911 862 966 poetam
884 930 972 955 con-

276 980 500 1030 scriptorum
519 975 664 1030 partem
681 981 889 1029 habemus,
903 982 971 1021 ita-

276 1057 348 1095 que
389 1045 529 1084 multas
570 1046 795 1085 mutationes
836 1049 884 1086 ab
925 1046 969 1086 iis

275 1108 396 1147 factas
420 1110 607 1149 nescimus
628 1111 768 1159 forsan,
799 1125 865 1162 pro
890 1112 974 1150 Ho-

276 1174 421 1212 mericis
441 1175 550 1213 hodie
563 1176 745 1214 habitas?
787 1183 809 1202 “
827 1178 971 1228 Lingua

277 1239 383 1290 quasi
397 1244 476 1277 tota
488 1238 689 1276 immutata
700 1245 757 1277 est
766 1241 794 1278 :’'
823 1239 972 1291 Kniglzt

277 1299 426 1354 Proleg.
455 1316 647 1342 Lxxxw.
702 1310 726 1327 “
749 1305 820 1343 Sed
839 1305 900 1343 vel
918 1306 971 1343 sic

277 1369 430 1407 demum
460 1370 557 1420 quod
589 1370 637 1406 ad
660 1375 895 1419 smpturam,
927 1372 975 1408 de

278 1447 353 1484 qua
369 1434 431 1470 hic
450 1434 618 1472 maxime
639 1433 774 1483 agitur,
802 1434 973 1484 pertinet,

276 1497 386 1547 longe
441 1497 549 1546 plura
606 1496 768 1547 antiquae
825 1498 974 1536 dialecti

279 1562 432 1602 Graeeae
488 1563 647 1614 vestigia
676 1563 736 1600 rin
790 1563 972 1611 Homero,

277 1626 392 1680 quam
410 1628 513 1676 alibi,
530 1629 762 1680 invenienda.
817 1630 972 1668 Interim

277 1696 386 1733 vero''
409 1699 432 1717 “
447 1695 591 1732 numen'
611 1708 655 1732 ac
671 1694 775 1734 modi
797 1708 972 1734 versuum

276 1760 410 1812 integri
426 1765 580 1798 manent
591 1762 621 1806 ;''
644 1761 736 1798 Ibid.
761 1762 923 1799 “eadem
937 1766 973 1799 et

275 1828 422 1876 integra
432 1831 489 1864 est
497 1826 668 1876 loquendi
681 1825 815 1872 forma,
829 1827 972 1864 eaedem

276 1891 481 1936 sententiae,
541 1890 654 1927 iidem
710 1890 971 1928 characterum

274 1967 394 1994 mores
409 1968 421 1990 :
466 1953 529 2004 qui
559 1954 613 1992 ita
642 1955 899 2011 depinguntur,
930 1961 971 1994 ut

277 2022 425 2060 POETA
445 2018 578 2068 ubique
597 2020 742 2056 animos
769 2018 971 2069 legentium

275 2090 384 2124 tanta
400 2083 591 2121 dulcedine
607 2083 815 2132 perfundat,
833 2090 973 2134 quanta

277 2164 326 2188 ex
350 2150 536 2195 omnibus,
568 2154 747 2199 quotquot
772 2149 972 2197 extiterint,

277 2216 351 2253 huc
377 2227 492 2266 usque
516 2214 679 2264 profecto
706 2215 825 2263 potuit
849 2229 971 2254 nemo.

271 2277 447 2332 ”Ομηρον
475 2277 544 2315 τὸν
573 2277 736 2324 ποιητήν
762 2278 889 2333 χρόνῳ
909 2280 974 2328 μὲν

280 2344 360 2380 τῶν
394 2345 599 2390 πλείστων,
639 2341 783 2389 δυνάμει
821 2343 861 2381 δὲ
898 2345 976 2381 τοῖν

280 2405 434 2444 πάντων
459 2406 614 2458 πρῶτον
639 2406 849 2455 γενόμενον,
883 2408 975 2446 εἰκό-

282 2487 357 2509 τως
419 2467 744 2517 ἀναγιγνώσκομεν
804 2473 974 2525 πρῶτον,

283 2532 527 2587 ὀφελοῦμενοι
561 2534 614 2571 τοὶ
646 2536 812 2589 ,miquo-‘ra
846 2538 893 2574 εἰἐ·
913 2540 975 2574 ’τέ

281 2600 356 2646 *wine
386 2598 512 2650 φωνήν
543 2597 602 2635 καὶ
631 2599 702 2644 τήν
730 2599 889 2638 διάνοιαν
917 2600 975 2638 καὶ

281 2691 283 2693 ’
325 2697 347 2718 ¹²
360 2672 407 2726 Εἴ
417 2694 575 2733 Scaliger
583 2694 626 2725 ad
637 2693 763 2727 Euseb.
774 2705 806 2735 p.
819 2696 975 2728 119=120

1027 723 1099 769 τήν
1116 725 1194 761 τῶν
1208 725 1446 780 πραγμάτων
1459 728 1717 779 πολυπειρίαν.

1026 786 1263 839 Burgessius.

1081 854 1118 888 3.
1147 851 1592 890 descendent—desintne
1617 852 1723 891 nobie

1025 916 1484 969 aliquoe—Lagomarsini,
1497 918 1664 957 fortassis
1672 930 1720 956 ex

1025 979 1279 1019 vetustissimo
1297 980 1532 1020 bibliothecae
1552 981 1722 1019 Medico-

1026 1044 1288 1084 Laurentianae
1339 1047 1477 1086 codice.
1491 1070 1546 1077 -—
1563 1053 1589 1071 “
1611 1047 1720 1094 Nihil

1026 1109 1151 1160 igitur,
1179 1111 1277 1160 quod
1301 1112 1414 1162 graeci
1439 1112 1571 1163 graecis
1587 1112 1722 1150 litteris

1027 1173 1242 1220 scriberent,
1293 1187 1366 1212 non
1409 1181 1580 1224 poterant
1614 1176 1723 1215 latini

1026 1237 1156 1276 litteris
1199 1239 1274 1277 suis
1319 1241 1490 1287 scribere,
1540 1242 1569 1280 si
1608 1241 1722 1280 modo

1026 1305 1118 1342 duas
1146 1305 1195 1342 ad
1224 1317 1431 1356 graecorum
1459 1307 1634 1357 quaedam
1657 1318 1724 1343 vo—

1026 1369 1161 1408 cabula
1174 1370 1369 1409 scribenda
1378 1377 1648 1412 mutuarentur.
1666 1384 1722 1409 eae

1027 1447 1110 1485 quae
1144 1435 1293 1483 fuerint,
1331 1437 1431 1474 idem
1469 1436 1724 1482 Quintilianus

1027 1499 1121 1537 libro
1142 1512 1227 1538 ΧΠ.
1245 1513 1329 1550 cap.
1353 1505 1413 1538 10.
1432 1501 1550 1539 docet.
1582 1500 1726 1539 Jucun-
1776 1544 1780 1548 ,

1028 1564 1207 1613 ‹lissima-5,
1226 1564 1357 1615 inquit,
1376 1578 1420 1602 ex
1433 1564 1570 1616 graecis
1584 1564 1723 1604 litteris

1028 1647 1047 1668 υ
1071 1635 1107 1667 et
1131 1630 1162 1683 ζ
1180 1643 1251 1668 non
1280 1631 1458 1678 habemus,
1490 1631 1650 1669 vocalem
1671 1630 1724 1669 ab

1029 1699 1159 1742 teram,
1226 1695 1381 1732 alteram
1441 1701 1694 1734 consonantem
1708 1709 1723 1732 ε

1027 1759 1154 1809 quibus
1187 1760 1294 1798 nullae
1333 1760 1435 1810 apud
1473 1773 1534 1798 eos
1560 1761 1723 1799 ‘dulcius

1025 1824 1196 1873 spirant*->
1242 1837 1333 1874 quas
1363 1824 1526 1862 mutuari
1556 1825 1721 1873 solemus,

1026 1889 1168 1939 quoties
1184 1888 1328 1926 illorum
1345 1889 1547 1927 nominibus
1569 1890 1720 1928 utimur.

1027 1954 1124 2005 quod
1158 1967 1238 1992 cum
1268 1954 1465 2007 contingit,
1498 1956 1619 1994 nescio
1651 1968 1722 2006 quo

1026 2020 1129 2058 modo
1174 2019 1328 2058 hilarior
1367 2017 1539 2070 protinus
1579 2017 1723 2056 renidet

1028 2085 1163 2131 oratio,
1181 2085 1274 2122 utin
1287 2084 1472 2135 zephyris,
1490 2084 1721 2136 zopyrisque.

1029 2150 1187 2187 Duabus
1211 2148 1314 2186 hisce
1339 2149 1600 2186 tantummodo
1627 2161 1723 2199 grae-

1016 2226 1158 2251 ‘corum
1183 2213 1314 2251 litteris
1342 2213 1449 2251 latini
1473 2225 1588 2264 quum
1614 2226 1723 2251 caru-

1027 2281 1134 2327 erint,
1166 2291 1314 2317 necesse
1333 2283 1390 2317 est
1413 2291 1475 2316 eos
1503 2278 1620 2317 tribus
1647 2278 1722 2318 illis

1029 2352 1072 2396 φ,
1107 2361 1152 2398 χ,
1176 2345 1212 2382 ,θ
1244 2356 1318 2381 non
1353 2344 1529 2390 caruisse,
1566 2349 1604 2382 et
1633 2348 1723 2383 sane

1029 2421 1103 2446 non
1130 2413 1338 2446 caruerunt.
1370 2411 1416 2457 -Ι-
1439 2411 1485 2458 -Ι-
1511 2413 1550 2452 -Ι-
1586 2407 1723 2458 [Idem‚

1030 2483 1062 2518 1,
1087 2470 1138 2518 iv,
1166 2475 1204 2516 9.
1257 2475 1466 2508 nostrarum
1500 2469 1636 2508 ultima
1670 2470 1723 2517 X,

1029 2548 1101 2585 qua
1140 2539 1215 2573 tam
1245 2547 1371 2572 carere
1398 2533 1585 2583 potuimus
1615 2547 1724 2585 quam

1031 2601 1105 2638 Psr
1131 2612 1201 2637 uon
1226 2597 1474 2650 quoerimusst]
1533 2597 1634 2642 Quin
1655 2611 1723 2650 ego

1014 2697 1024 2712 ‘
1038 2694 1170 2726 Ultima
1181 2694 1255 2725 est‘'
1269 2693 1330 2735 [X]
1347 2694 1373 2713 ⁴‘
1382 2695 1536 2725 veterum
1546 2693 1727 2726 literarum

286 2746 324 2778 in
342 2744 535 2786 Alphabeto
556 2743 693 2781 Latino,
720 2744 761 2775 de
780 2755 849 2784 qua
867 2744 955 2776 nihil
972 2744 1067 2776 aliud
1084 2744 1211 2782 dicam,
1238 2745 1302 2776 nisi
1321 2743 1587 2775 vetustissimam
1605 2742 1725 2783 ξιιίειο,ι

286 2795 371 2829 lieet
384 2793 475 2834 prius
489 2792 562 2823 vice
577 2792 649 2832 ejus
665 2791 719 2822 GS
734 2798 770 2828 et
786 2792 836 2824 CS
857 2796 1045 2825 uterentur.
1087 2792 1154 2824 Sed
1173 2789 1438 2824 EXFOCIONT
1457 2801 1517 2832 pro
1538 2792 1727 2832 Effugiant

288 2844 416 2884 legitur
429 2842 467 2874 in
481 2842 708 2874 vetustissimo
723 2851 802 2874 saxo
818 2843 955 2882 Duillii,
982 2842 1073 2883 quod
1088 2843 1123 2875 in
1143 2841 1313 2884 Capitolio
1331 2841 1414 2873 olim
1432 2842 1590 2882 vidimus,
1615 2852 1724 2884 quum

290 2903 405 2926 recens
420 2891 578 2924 effossum
593 2891 725 2932 fuisset,
750 2895 786 2924 et
801 2892 1032 2934 descripsimus
1054 2896 1219 2935 praesente
1240 2892 1289 2927 Μ.
1305 2891 1454 2926 Antonio
1470 2891 1631 2933 Mureto3
1662 2891 1723 2934 qui

291 2953 351 2979 nos
366 2953 406 2975 eo
422 2941 653 2985 deduxeraff'„
