<?xml version="1.0" encoding="UTF-8"?>
<!DOCTYPE html PUBLIC "-//W3C//DTD XHTML 1.0 Transitional//EN"
    "http://www.w3.org/TR/xhtml1/DTD/xhtml1-transitional.dtd">
<html xmlns="http://www.w3.org/1999/xhtml" xml:lang="en" lang="en">
 <head>
  <title>
</title>
<meta http-equiv="Content-Type" content="text/html;charset=utf-8" />
  <meta name='ocr-system' content='tesseract 3.04.00' />
  <meta name='ocr-capabilities' content='ocr_page ocr_carea ocr_par ocr_line ocrx_word'/>
</head>
<body>
  <div class='ocr_page' id='page_1' title='image "./miscellaneacriti00daweuoft_0220.png"; bbox 0 0 1864 3132; ppageno 0'>
   <div class='ocr_carea' id='block_1_1' title="bbox 924 184 1024 233">
    <p class='ocr_par' dir='ltr' id='par_1_1' title="bbox 924 184 1024 233">
     <span class='ocr_line' id='line_1_1' title="bbox 924 184 1024 233; baseline 0.08 -9"><span class='ocrx_word' id='word_1_1' title='bbox 924 184 1024 233; x_wconf 16' lang='lat'><strong>*148</strong></span> 
     </span>
    </p>
   </div>
   <div class='ocr_carea' id='block_1_2' title="bbox 248 291 1681 426">
    <p class='ocr_par' dir='ltr' id='par_1_2' title="bbox 248 291 1681 426">
     <span class='ocr_line' id='line_1_2' title="bbox 248 291 1681 359; baseline -0.001 -18"><span class='ocrx_word' id='word_1_2' title='bbox 248 294 332 341; x_wconf 82' lang='lat' dir='ltr'><strong>&#39;sed</strong></span> <span class='ocrx_word' id='word_1_3' title='bbox 365 292 691 359; x_wconf 85' lang='lat' dir='ltr'>genitivorum</span> <span class='ocrx_word' id='word_1_4' title='bbox 722 313 750 338; x_wconf 87' lang='grc' dir='ltr'><strong><em>α</em></strong></span> <span class='ocrx_word' id='word_1_5' title='bbox 778 297 1015 356; x_wconf 89' lang='lat' dir='ltr'><strong>perpetuo</strong></span> <span class='ocrx_word' id='word_1_6' title='bbox 1038 291 1348 356; x_wconf 81' lang='lat' dir='ltr'><strong>producatur.</strong></span> <span class='ocrx_word' id='word_1_7' title='bbox 1419 291 1502 340; x_wconf 88' lang='lat' dir='ltr'><strong>Sic</strong></span> <span class='ocrx_word' id='word_1_8' title='bbox 1537 291 1681 343; x_wconf 88' lang='lat' dir='ltr'><strong>Hom.</strong></span> 
     </span>
     <span class='ocr_line' id='line_1_3' title="bbox 251 372 466 426; baseline -0.005 -5"><span class='ocrx_word' id='word_1_9' title='bbox 251 372 305 421; x_wconf 90' lang='lat' dir='ltr'><strong>Il.</strong></span> <span class='ocrx_word' id='word_1_10' title='bbox 334 390 366 421; x_wconf 89' lang='lat'><strong>1.</strong></span> <span class='ocrx_word' id='word_1_11' title='bbox 397 383 466 426; x_wconf 85' lang='lat'><strong>75.</strong></span> 
     </span>
    </p>
   </div>
   <div class='ocr_carea' id='block_1_3' title="bbox 452 459 1484 520">
    <p class='ocr_par' dir='ltr' id='par_1_3' title="bbox 452 459 1484 520">
     <span class='ocr_line' id='line_1_4' title="bbox 452 459 1484 520; baseline 0.001 -14"><span class='ocrx_word' id='word_1_12' title='bbox 452 463 597 516; x_wconf 82' lang='grc' dir='ltr'>Μηνιν</span> <span class='ocrx_word' id='word_1_13' title='bbox 626 462 895 511; x_wconf 83' lang='grc' dir='ltr'>Απολλωνος</span> <span class='ocrx_word' id='word_1_14' title='bbox 923 459 1259 520; x_wconf 81' lang='grc' dir='ltr'>ἐκατηβελετάο</span> <span class='ocrx_word' id='word_1_15' title='bbox 1287 459 1484 511; x_wconf 76' lang='grc' dir='ltr'>ἄνακτος.</span> 
     </span>
    </p>
   </div>
   <div class='ocr_carea' id='block_1_4' title="bbox 251 567 1734 712">
    <p class='ocr_par' dir='ltr' id='par_1_4' title="bbox 251 567 1734 712">
     <span class='ocr_line' id='line_1_5' title="bbox 253 567 1734 634; baseline 0.001 -16"><span class='ocrx_word' id='word_1_16' title='bbox 253 569 372 634; x_wconf 85' lang='lat' dir='ltr'><strong>Pag.</strong></span> <span class='ocrx_word' id='word_1_17' title='bbox 400 568 504 615; x_wconf 84' lang='lat' dir='ltr'><strong>ead.</strong></span> <span class='ocrx_word' id='word_1_18' title='bbox 578 567 747 616; x_wconf 89' lang='lat' dir='ltr'><strong>Virum</strong></span> <span class='ocrx_word' id='word_1_19' title='bbox 786 568 1027 617; x_wconf 89' lang='lat' dir='ltr'><strong>eruditum</strong></span> <span class='ocrx_word' id='word_1_20' title='bbox 1065 584 1128 617; x_wconf 87' lang='lat' dir='ltr'><strong>ex</strong></span> <span class='ocrx_word' id='word_1_21' title='bbox 1167 568 1497 634; x_wconf 85' lang='lat' dir='ltr'>Aristophane</span> <span class='ocrx_word' id='word_1_22' title='bbox 1538 570 1690 621; x_wconf 88' lang='lat' dir='ltr'><strong>citan·</strong></span> <span class='ocrx_word' id='word_1_23' title='bbox 1731 570 1734 573; x_wconf 72' lang='grc'><strong>’</strong></span> 
     </span>
     <span class='ocr_line' id='line_1_6' title="bbox 251 643 1003 712; baseline 0 -18"><span class='ocrx_word' id='word_1_24' title='bbox 251 654 348 694; x_wconf 86' lang='lat' dir='ltr'><strong>tem</strong></span> <span class='ocrx_word' id='word_1_25' title='bbox 372 646 546 694; x_wconf 83' lang='lat' dir='ltr'><strong>videre</strong></span> <span class='ocrx_word' id='word_1_26' title='bbox 561 653 635 694; x_wconf 91' lang='lat' dir='ltr'><strong>est</strong></span> <span class='ocrx_word' id='word_1_27' title='bbox 673 645 826 710; x_wconf 82' lang='lat' dir='ltr'><strong>[Rau.</strong></span> <span class='ocrx_word' id='word_1_28' title='bbox 850 643 1003 712; x_wconf 86' lang='lat'><em>941.],</em></span> 
     </span>
    </p>
   </div>
   <div class='ocr_carea' id='block_1_5' title="bbox 320 733 1618 801">
    <p class='ocr_par' dir='ltr' id='par_1_5' title="bbox 320 733 1618 801">
     <span class='ocr_line' id='line_1_7' title="bbox 320 733 1618 801; baseline 0.004 -20"><span class='ocrx_word' id='word_1_29' title='bbox 320 733 543 795; x_wconf 75' lang='grc' dir='ltr'><strong><em>Εξηπατα</em></strong></span> <span class='ocrx_word' id='word_1_30' title='bbox 571 756 738 800; x_wconf 81' lang='grc' dir='ltr'>μωρους</span> <span class='ocrx_word' id='word_1_31' title='bbox 763 734 922 795; x_wconf 86' lang='grc' dir='ltr'>λαβων</span> <span class='ocrx_word' id='word_1_32' title='bbox 949 756 1072 799; x_wconf 78' lang='grc' dir='ltr'><em>παρα</em></span> <span class='ocrx_word' id='word_1_33' title='bbox 1106 740 1308 799; x_wconf 60' lang='grc' dir='ltr'>Φρυνιχῳ</span> <span class='ocrx_word' id='word_1_34' title='bbox 1336 740 1618 801; x_wconf 72' lang='grc' dir='ltr'>τραφενταςί</span> 
     </span>
    </p>
   </div>
   <div class='ocr_carea' id='block_1_6' title="bbox 251 841 1694 1429">
    <p class='ocr_par' dir='ltr' id='par_1_6' title="bbox 251 841 1694 1429">
     <span class='ocr_line' id='line_1_8' title="bbox 254 841 1693 910; baseline 0.001 -19"><span class='ocrx_word' id='word_1_35' title='bbox 254 845 319 891; x_wconf 81' lang='lat' dir='ltr'><strong>At</strong></span> <span class='ocrx_word' id='word_1_36' title='bbox 342 859 441 907; x_wconf 92' lang='lat' dir='ltr'><strong>quo</strong></span> <span class='ocrx_word' id='word_1_37' title='bbox 465 841 702 910; x_wconf 72' lang='lat' dir='ltr'><strong>consilio?</strong></span> <span class='ocrx_word' id='word_1_38' title='bbox 736 859 912 908; x_wconf 87' lang='lat' dir='ltr'><strong>nempe</strong></span> <span class='ocrx_word' id='word_1_39' title='bbox 946 850 1005 892; x_wconf 72' lang='lat' dir='ltr'><strong>utv</strong></span> <span class='ocrx_word' id='word_1_40' title='bbox 1033 842 1258 891; x_wconf 89' lang='lat' dir='ltr'><strong>ostendat</strong></span> <span class='ocrx_word' id='word_1_41' title='bbox 1281 859 1450 892; x_wconf 89' lang='lat' dir='ltr'><strong>vocem</strong></span> <span class='ocrx_word' id='word_1_42' title='bbox 1479 849 1693 909; x_wconf 78' lang='grc' dir='ltr'>Φρυνιχος</span> 
     </span>
     <span class='ocr_line' id='line_1_9' title="bbox 251 920 1694 984; baseline -0.001 -15"><span class='ocrx_word' id='word_1_43' title='bbox 251 921 456 984; x_wconf 85' lang='lat' dir='ltr'>primam</span> <span class='ocrx_word' id='word_1_44' title='bbox 501 921 787 984; x_wconf 87' lang='lat' dir='ltr'><strong>producere.</strong></span> <span class='ocrx_word' id='word_1_45' title='bbox 871 920 938 968; x_wconf 86' lang='lat' dir='ltr'><strong>At</strong></span> <span class='ocrx_word' id='word_1_46' title='bbox 978 920 1226 969; x_wconf 84' lang='lat' dir='ltr'><strong>enimvero</strong></span> <span class='ocrx_word' id='word_1_47' title='bbox 1264 935 1432 968; x_wconf 89' lang='lat' dir='ltr'><strong>versus</strong></span> <span class='ocrx_word' id='word_1_48' title='bbox 1469 920 1694 968; x_wconf 87' lang='lat' dir='ltr'><strong>laudatus</strong></span> 
     </span>
     <span class='ocr_line' id='line_1_10' title="bbox 259 995 1693 1064; baseline -0.002 -17"><span class='ocrx_word' id='word_1_49' title='bbox 259 1004 287 1033; x_wconf 71' lang='lat'><strong>²*</strong></span> <span class='ocrx_word' id='word_1_50' title='bbox 308 1001 368 1047; x_wconf 94' lang='lat' dir='ltr'><strong>de</strong></span> <span class='ocrx_word' id='word_1_51' title='bbox 391 998 589 1064; x_wconf 85' lang='lat' dir='ltr'><strong>syllabae</strong></span> <span class='ocrx_word' id='word_1_52' title='bbox 611 997 750 1045; x_wconf 88' lang='lat' dir='ltr'><strong>istius</strong></span> <span class='ocrx_word' id='word_1_53' title='bbox 774 996 1047 1061; x_wconf 87' lang='lat' dir='ltr'><strong>quantitate</strong></span> <span class='ocrx_word' id='word_1_54' title='bbox 1071 995 1271 1045; x_wconf 90' lang='lat' dir='ltr'><strong>omnino</strong></span> <span class='ocrx_word' id='word_1_55' title='bbox 1294 1002 1438 1045; x_wconf 84' lang='lat' dir='ltr'><strong>tacet.</strong></span> <span class='ocrx_word' id='word_1_56' title='bbox 1509 996 1693 1061; x_wconf 85' lang='lat' dir='ltr'>Ecquis</span> 
     </span>
     <span class='ocr_line' id='line_1_11' title="bbox 253 1072 1692 1136; baseline -0.001 -12"><span class='ocrx_word' id='word_1_57' title='bbox 253 1073 383 1124; x_wconf 91' lang='lat' dir='ltr'><strong>enim</strong></span> <span class='ocrx_word' id='word_1_58' title='bbox 419 1074 606 1122; x_wconf 89' lang='lat' dir='ltr'><strong>inficias</strong></span> <span class='ocrx_word' id='word_1_59' title='bbox 642 1072 731 1121; x_wconf 85' lang='lat' dir='ltr'><strong>ibit</strong></span> <span class='ocrx_word' id='word_1_60' title='bbox 764 1072 815 1121; x_wconf 92' lang='lat' dir='ltr'><strong>in</strong></span> <span class='ocrx_word' id='word_1_61' title='bbox 852 1072 1024 1136; x_wconf 91' lang='lat' dir='ltr'><strong>quinta</strong></span> <span class='ocrx_word' id='word_1_62' title='bbox 1057 1087 1225 1121; x_wconf 86' lang='lat' dir='ltr'><strong>versus</strong></span> <span class='ocrx_word' id='word_1_63' title='bbox 1254 1072 1449 1122; x_wconf 84' lang='lat' dir='ltr'><strong>iambici</strong></span> <span class='ocrx_word' id='word_1_64' title='bbox 1471 1076 1586 1124; x_wconf 90' lang='lat' dir='ltr'><strong>sede</strong></span> <span class='ocrx_word' id='word_1_65' title='bbox 1608 1074 1692 1122; x_wconf 89' lang='lat' dir='ltr'><strong>tri-</strong></span> 
     </span>
     <span class='ocr_line' id='line_1_12' title="bbox 252 1145 1692 1215; baseline -0.001 -18"><span class='ocrx_word' id='word_1_66' title='bbox 252 1150 472 1214; x_wconf 89' lang='lat' dir='ltr'><strong>brachyn</strong></span> <span class='ocrx_word' id='word_1_67' title='bbox 497 1148 748 1197; x_wconf 90' lang='lat' dir='ltr'><strong>commode</strong></span> <span class='ocrx_word' id='word_1_68' title='bbox 772 1145 973 1215; x_wconf 80' lang='lat' dir='ltr'><strong>venire?</strong></span> <span class='ocrx_word' id='word_1_69' title='bbox 1028 1147 1158 1196; x_wconf 89' lang='lat' dir='ltr'><strong>Vera</strong></span> <span class='ocrx_word' id='word_1_70' title='bbox 1187 1148 1382 1212; x_wconf 90' lang='lat' dir='ltr'><strong>quidem</strong></span> <span class='ocrx_word' id='word_1_71' title='bbox 1417 1156 1505 1209; x_wconf 90' lang='lat' dir='ltr'><strong>est,</strong></span> <span class='ocrx_word' id='word_1_72' title='bbox 1547 1165 1692 1214; x_wconf 89' lang='lat' dir='ltr'><strong>quam</strong></span> 
     </span>
     <span class='ocr_line' id='line_1_13' title="bbox 252 1223 1693 1291; baseline -0.001 -17"><span class='ocrx_word' id='word_1_73' title='bbox 252 1232 486 1291; x_wconf 86' lang='lat' dir='ltr'><strong>praestare</strong></span> <span class='ocrx_word' id='word_1_74' title='bbox 509 1223 688 1273; x_wconf 84' lang='lat' dir='ltr'><strong>frustra</strong></span> <span class='ocrx_word' id='word_1_75' title='bbox 719 1239 980 1290; x_wconf 85' lang='lat' dir='ltr'>aggressus</span> <span class='ocrx_word' id='word_1_76' title='bbox 1015 1230 1088 1272; x_wconf 90' lang='lat' dir='ltr'><strong>est</strong></span> <span class='ocrx_word' id='word_1_77' title='bbox 1122 1223 1196 1271; x_wconf 92' lang='lat' dir='ltr'><strong>vir</strong></span> <span class='ocrx_word' id='word_1_78' title='bbox 1229 1223 1463 1282; x_wconf 89' lang='lat' dir='ltr'><strong>eruditus,</strong></span> <span class='ocrx_word' id='word_1_79' title='bbox 1496 1225 1693 1289; x_wconf 81' lang='lat' dir='ltr'><strong>syllabae</strong></span> 
     </span>
     <span class='ocr_line' id='line_1_14' title="bbox 253 1299 1692 1367; baseline 0.001 -17"><span class='ocrx_word' id='word_1_80' title='bbox 253 1304 392 1350; x_wconf 88' lang='lat' dir='ltr'><strong>istius</strong></span> <span class='ocrx_word' id='word_1_81' title='bbox 427 1318 668 1359; x_wconf 87' lang='lat' dir='ltr'><strong>mensura,</strong></span> <span class='ocrx_word' id='word_1_82' title='bbox 704 1301 776 1349; x_wconf 88' lang='lat' dir='ltr'><strong>uti</strong></span> <span class='ocrx_word' id='word_1_83' title='bbox 808 1317 869 1348; x_wconf 88' lang='lat' dir='ltr'><strong>ex</strong></span> <span class='ocrx_word' id='word_1_84' title='bbox 893 1300 985 1348; x_wconf 89' lang='lat' dir='ltr'><strong>isto</strong></span> <span class='ocrx_word' id='word_1_85' title='bbox 1014 1301 1143 1348; x_wconf 90' lang='lat' dir='ltr'><strong>inter</strong></span> <span class='ocrx_word' id='word_1_86' title='bbox 1164 1299 1258 1348; x_wconf 91' lang='lat' dir='ltr'><strong>alia</strong></span> <span class='ocrx_word' id='word_1_87' title='bbox 1281 1302 1502 1366; x_wconf 84' lang='lat' dir='ltr'><strong>exempla</strong></span> <span class='ocrx_word' id='word_1_88' title='bbox 1522 1303 1692 1367; x_wconf 85' lang='lat' dir='ltr'><strong>liquet,</strong></span> 
     </span>
     <span class='ocr_line' id='line_1_15' title="bbox 252 1380 478 1429; baseline -0.013 0"><span class='ocrx_word' id='word_1_89' title='bbox 252 1380 383 1429; x_wconf 83' lang='lat' dir='ltr'><strong>Ran.</strong></span> <span class='ocrx_word' id='word_1_90' title='bbox 415 1391 478 1427; x_wconf 83' lang='lat'><strong>13.</strong></span> 
     </span>
    </p>
   </div>
   <div class='ocr_carea' id='block_1_7' title="bbox 256 1453 1696 1620">
    <p class='ocr_par' dir='ltr' id='par_1_7' title="bbox 256 1453 1696 1620">
     <span class='ocr_line' id='line_1_16' title="bbox 495 1453 1447 1531; baseline 0.002 -19"><span class='ocrx_word' id='word_1_91' title='bbox 495 1469 638 1531; x_wconf 83' lang='grc' dir='ltr'>Ειπερ</span> <span class='ocrx_word' id='word_1_92' title='bbox 672 1486 842 1523; x_wconf 85' lang='grc' dir='ltr'>ποιησω</span> <span class='ocrx_word' id='word_1_93' title='bbox 874 1462 1008 1521; x_wconf 74' lang='grc' dir='ltr'>μηδεν</span> <span class='ocrx_word' id='word_1_94' title='bbox 1041 1465 1185 1530; x_wconf 76' lang='grc' dir='ltr'><em>ὦνπερ</em></span> <span class='ocrx_word' id='word_1_95' title='bbox 1219 1453 1447 1531; x_wconf 69' lang='grc' dir='ltr'>Φρῧνιχος.</span> 
     </span>
     <span class='ocr_line' id='line_1_17' title="bbox 256 1554 1696 1620; baseline 0.001 -16"><span class='ocrx_word' id='word_1_96' title='bbox 256 1554 356 1604; x_wconf 87' lang='lat' dir='ltr'><strong>Sed</strong></span> <span class='ocrx_word' id='word_1_97' title='bbox 394 1570 488 1603; x_wconf 92' lang='lat' dir='ltr'><strong>nec</strong></span> <span class='ocrx_word' id='word_1_98' title='bbox 521 1561 685 1603; x_wconf 91' lang='lat' dir='ltr'><strong>tamen</strong></span> <span class='ocrx_word' id='word_1_99' title='bbox 721 1570 862 1620; x_wconf 83' lang='lat' dir='ltr'><strong>aeque</strong></span> <span class='ocrx_word' id='word_1_100' title='bbox 898 1554 1155 1603; x_wconf 85' lang='lat' dir='ltr'><strong>infeliciter</strong></span> <span class='ocrx_word' id='word_1_101' title='bbox 1189 1555 1333 1604; x_wconf 86' lang='lat' dir='ltr'><strong>cessit</strong></span> <span class='ocrx_word' id='word_1_102' title='bbox 1366 1556 1471 1605; x_wconf 88' lang='lat' dir='ltr'><strong>viro</strong></span> <span class='ocrx_word' id='word_1_103' title='bbox 1506 1557 1696 1605; x_wconf 87' lang='lat' dir='ltr'><strong>erudito</strong></span> 
     </span>
    </p>
   </div>
   <div class='ocr_carea' id='block_1_8' title="bbox 255 1630 1698 1771">
    <p class='ocr_par' dir='ltr' id='par_1_8' title="bbox 255 1630 1698 1771">
     <span class='ocr_line' id='line_1_18' title="bbox 255 1630 1698 1695; baseline 0.003 -15"><span class='ocrx_word' id='word_1_104' title='bbox 255 1630 479 1680; x_wconf 87' lang='lat' dir='ltr'><strong>laudatus</strong></span> <span class='ocrx_word' id='word_1_105' title='bbox 503 1646 566 1679; x_wconf 87' lang='lat' dir='ltr'><strong>ex</strong></span> <span class='ocrx_word' id='word_1_106' title='bbox 588 1630 916 1695; x_wconf 80' lang='lat' dir='ltr'><strong>Aristophane</strong></span> <span class='ocrx_word' id='word_1_107' title='bbox 939 1630 1072 1680; x_wconf 85' lang='lat' dir='ltr'><strong>locus</strong></span> <span class='ocrx_word' id='word_1_108' title='bbox 1103 1648 1161 1680; x_wconf 92' lang='lat' dir='ltr'><strong>ac</strong></span> <span class='ocrx_word' id='word_1_109' title='bbox 1192 1632 1383 1682; x_wconf 91' lang='lat' dir='ltr'><strong>cuidam</strong></span> <span class='ocrx_word' id='word_1_110' title='bbox 1413 1634 1540 1683; x_wconf 62' lang='lat'>(31:¹⁷</span> <span class='ocrx_word' id='word_1_111' title='bbox 1574 1635 1698 1683; x_wconf 86' lang='lat' dir='ltr'><strong>alter</strong></span> 
     </span>
     <span class='ocr_line' id='line_1_19' title="bbox 256 1707 1243 1771; baseline 0.002 -16"><span class='ocrx_word' id='word_1_112' title='bbox 256 1707 349 1756; x_wconf 89' lang='lat' dir='ltr'><strong>iste</strong></span> <span class='ocrx_word' id='word_1_113' title='bbox 370 1707 502 1771; x_wconf 90' lang='lat' dir='ltr'><strong>apud</strong></span> <span class='ocrx_word' id='word_1_114' title='bbox 522 1707 731 1756; x_wconf 92' lang='lat' dir='ltr'><strong>eundem</strong></span> <span class='ocrx_word' id='word_1_115' title='bbox 757 1707 976 1766; x_wconf 84' lang='lat' dir='ltr'><strong>Poetam‚</strong></span> <span class='ocrx_word' id='word_1_116' title='bbox 1013 1707 1150 1758; x_wconf 91' lang='lat' dir='ltr'><strong>Nub.</strong></span> <span class='ocrx_word' id='word_1_117' title='bbox 1173 1720 1243 1759; x_wconf 86' lang='lat'><strong>58.</strong></span> 
     </span>
    </p>
   </div>
   <div class='ocr_carea' id='block_1_9' title="bbox 427 1795 1510 1866">
    <p class='ocr_par' dir='ltr' id='par_1_9' title="bbox 427 1795 1510 1866">
     <span class='ocr_line' id='line_1_20' title="bbox 427 1795 1510 1866; baseline 0.001 -20"><span class='ocrx_word' id='word_1_118' title='bbox 427 1802 547 1863; x_wconf 75' lang='grc' dir='ltr'>Δευρ</span> <span class='ocrx_word' id='word_1_119' title='bbox 571 1799 654 1846; x_wconf 75' lang='grc' dir='ltr'><strong>ελθ</strong></span> <span class='ocrx_word' id='word_1_120' title='bbox 677 1798 745 1846; x_wconf 74' lang='grc' dir='ltr'><strong>ἱνα</strong></span> <span class='ocrx_word' id='word_1_121' title='bbox 766 1804 917 1866; x_wconf 76' lang='grc' dir='ltr'>κλαῃς.</span> <span class='ocrx_word' id='word_1_122' title='bbox 978 1802 1070 1845; x_wconf 85' lang='grc' dir='ltr'><strong>Δια</strong></span> <span class='ocrx_word' id='word_1_123' title='bbox 1091 1819 1137 1846; x_wconf 81' lang='grc' dir='ltr'><strong>τι</strong></span> <span class='ocrx_word' id='word_1_124' title='bbox 1160 1795 1212 1855; x_wconf 76' lang='grc' dir='ltr'><strong>δη</strong></span> <span class='ocrx_word' id='word_1_125' title='bbox 1234 1805 1476 1855; x_wconf 82' lang='grc' dir='ltr'>κλαυσομαι</span> <span class='ocrx_word' id='word_1_126' title='bbox 1494 1819 1510 1857; x_wconf 89' lang='grc'><strong>;</strong></span> 
     </span>
    </p>
   </div>
   <div class='ocr_carea' id='block_1_10' title="bbox 260 1886 1696 1965">
    <p class='ocr_par' dir='ltr' id='par_1_10' title="bbox 260 1886 1696 1965">
     <span class='ocr_line' id='line_1_21' title="bbox 260 1886 1696 1965; baseline 0.001 -19"><span class='ocrx_word' id='word_1_127' title='bbox 260 1897 337 1946; x_wconf 93' lang='lat' dir='ltr'><strong>Ibi</strong></span> <span class='ocrx_word' id='word_1_128' title='bbox 381 1886 558 1961; x_wconf 87' lang='lat' dir='ltr'><strong>utique</strong></span> <span class='ocrx_word' id='word_1_129' title='bbox 594 1897 668 1945; x_wconf 86' lang='lat' dir='ltr'><strong>vir</strong></span> <span class='ocrx_word' id='word_1_130' title='bbox 711 1896 785 1946; x_wconf 88' lang='lat' dir='ltr'><strong>Cl.</strong></span> <span class='ocrx_word' id='word_1_131' title='bbox 833 1896 1096 1964; x_wconf 84' lang='lat' dir='ltr'><strong>legendum</strong></span> <span class='ocrx_word' id='word_1_132' title='bbox 1137 1898 1350 1965; x_wconf 86' lang='lat' dir='ltr'><strong>conjecit</strong></span> <span class='ocrx_word' id='word_1_133' title='bbox 1391 1905 1696 1957; x_wconf 78' lang='grc' dir='ltr'>κεκλαυσομαι,</span> 
     </span>
    </p>
   </div>
   <div class='ocr_carea' id='block_1_11' title="bbox 258 1973 1697 2100">
    <p class='ocr_par' dir='ltr' id='par_1_11' title="bbox 258 1973 1697 2100">
     <span class='ocr_line' id='line_1_22' title="bbox 258 1973 1697 2042; baseline 0.001 -20"><span class='ocrx_word' id='word_1_134' title='bbox 258 1981 409 2038; x_wconf 85' lang='lat' dir='ltr'><strong>atque</strong></span> <span class='ocrx_word' id='word_1_135' title='bbox 430 1973 837 2033; x_wconf 84' lang='lat' dir='ltr'><strong>emendationem,</strong></span> <span class='ocrx_word' id='word_1_136' title='bbox 879 1990 1024 2040; x_wconf 89' lang='lat' dir='ltr'><strong>quam</strong></span> <span class='ocrx_word' id='word_1_137' title='bbox 1054 1974 1220 2035; x_wconf 86' lang='lat' dir='ltr'><strong>voluit,</strong></span> <span class='ocrx_word' id='word_1_138' title='bbox 1253 1975 1435 2024; x_wconf 87' lang='lat' dir='ltr'><strong>firmari</strong></span> <span class='ocrx_word' id='word_1_139' title='bbox 1459 1974 1697 2042; x_wconf 87' lang='lat' dir='ltr'><strong>judicavit</strong></span> 
     </span>
     <span class='ocr_line' id='line_1_23' title="bbox 259 2060 617 2100; baseline 0.003 -2"><span class='ocrx_word' id='word_1_140' title='bbox 259 2065 293 2098; x_wconf 87' lang='lat' dir='ltr'><strong>a</strong></span> <span class='ocrx_word' id='word_1_141' title='bbox 316 2065 460 2099; x_wconf 88' lang='lat' dir='ltr'><strong>versu</strong></span> <span class='ocrx_word' id='word_1_142' title='bbox 494 2060 617 2100; x_wconf 86' lang='lat'>1438.</span> 
     </span>
    </p>
   </div>
   <div class='ocr_carea' id='block_1_12' title="bbox 294 2141 1671 2210">
    <p class='ocr_par' dir='ltr' id='par_1_12' title="bbox 294 2141 1671 2210">
     <span class='ocr_line' id='line_1_24' title="bbox 294 2141 1671 2210; baseline 0.002 -20"><span class='ocrx_word' id='word_1_143' title='bbox 294 2146 466 2199; x_wconf 81' lang='grc' dir='ltr'>Ματην</span> <span class='ocrx_word' id='word_1_144' title='bbox 486 2163 583 2199; x_wconf 62' lang='lat' dir='ltr'><strong>enoc</strong></span> <span class='ocrx_word' id='word_1_145' title='bbox 607 2146 1065 2191; x_wconf 79' lang='grc' dir='ltr'>ΚΕΚΛΑΥΣΕΤΑΙ·</span> <span class='ocrx_word' id='word_1_146' title='bbox 1103 2164 1158 2192; x_wconf 85' lang='grc' dir='ltr'><strong>συ</strong></span> <span class='ocrx_word' id='word_1_147' title='bbox 1180 2141 1205 2191; x_wconf 68' lang='grc' dir='ltr'><em>ὃ</em></span> <span class='ocrx_word' id='word_1_148' title='bbox 1226 2163 1433 2210; x_wconf 68' lang='grc' dir='ltr'><em>εγχανων</em></span> <span class='ocrx_word' id='word_1_149' title='bbox 1455 2145 1671 2208; x_wconf 78' lang='grc' dir='ltr'>τεθνηξει.</span> 
     </span>
    </p>
   </div>
   <div class='ocr_carea' id='block_1_13' title="bbox 261 2241 1698 2614">
    <p class='ocr_par' dir='ltr' id='par_1_13' title="bbox 261 2241 1698 2614">
     <span class='ocr_line' id='line_1_25' title="bbox 262 2241 1695 2309; baseline 0.001 -20"><span class='ocrx_word' id='word_1_150' title='bbox 262 2241 413 2306; x_wconf 87' lang='lat' dir='ltr'><strong>Atqui</strong></span> <span class='ocrx_word' id='word_1_151' title='bbox 436 2241 570 2289; x_wconf 89' lang='lat' dir='ltr'><strong>locus</strong></span> <span class='ocrx_word' id='word_1_152' title='bbox 594 2242 673 2290; x_wconf 86' lang='lat' dir='ltr'><strong>hic</strong></span> <span class='ocrx_word' id='word_1_153' title='bbox 696 2241 784 2290; x_wconf 90' lang='lat' dir='ltr'><strong>viri</strong></span> <span class='ocrx_word' id='word_1_154' title='bbox 809 2242 883 2290; x_wconf 90' lang='lat' dir='ltr'><strong>Cl.</strong></span> <span class='ocrx_word' id='word_1_155' title='bbox 909 2242 1238 2308; x_wconf 85' lang='lat' dir='ltr'><strong>conjecturam</strong></span> <span class='ocrx_word' id='word_1_156' title='bbox 1272 2258 1371 2290; x_wconf 89' lang='lat' dir='ltr'><strong>non</strong></span> <span class='ocrx_word' id='word_1_157' title='bbox 1392 2242 1498 2309; x_wconf 85' lang='lat' dir='ltr'><strong>jam</strong></span> <span class='ocrx_word' id='word_1_158' title='bbox 1522 2241 1695 2301; x_wconf 86' lang='lat' dir='ltr'><strong>firmat,</strong></span> 
     </span>
     <span class='ocr_line' id='line_1_26' title="bbox 261 2318 1698 2384; baseline 0.001 -18"><span class='ocrx_word' id='word_1_159' title='bbox 261 2334 355 2366; x_wconf 90' lang='lat' dir='ltr'><strong>nec</strong></span> <span class='ocrx_word' id='word_1_160' title='bbox 392 2334 508 2367; x_wconf 90' lang='lat' dir='ltr'><strong>vero</strong></span> <span class='ocrx_word' id='word_1_161' title='bbox 547 2319 607 2366; x_wconf 93' lang='lat' dir='ltr'><strong>de</strong></span> <span class='ocrx_word' id='word_1_162' title='bbox 646 2335 707 2366; x_wconf 90' lang='lat' dir='ltr'><strong>ea</strong></span> <span class='ocrx_word' id='word_1_163' title='bbox 746 2318 869 2378; x_wconf 89' lang='lat' dir='ltr'><strong>silet,</strong></span> <span class='ocrx_word' id='word_1_164' title='bbox 909 2320 995 2366; x_wconf 91' lang='lat' dir='ltr'><strong>sed</strong></span> <span class='ocrx_word' id='word_1_165' title='bbox 1029 2319 1372 2383; x_wconf 85' lang='lat' dir='ltr'><strong>repudiandam</strong></span> <span class='ocrx_word' id='word_1_166' title='bbox 1414 2319 1559 2384; x_wconf 88' lang='lat' dir='ltr'><strong>plane</strong></span> <span class='ocrx_word' id='word_1_167' title='bbox 1593 2334 1698 2368; x_wconf 89' lang='lat' dir='ltr'><strong>esse</strong></span> 
     </span>
     <span class='ocr_line' id='line_1_27' title="bbox 262 2394 1698 2462; baseline 0.001 -21"><span class='ocrx_word' id='word_1_168' title='bbox 262 2394 451 2442; x_wconf 87' lang='lat' dir='ltr'><strong>clamat.</strong></span> <span class='ocrx_word' id='word_1_169' title='bbox 536 2395 728 2459; x_wconf 82' lang='lat' dir='ltr'><strong>Quippe</strong></span> <span class='ocrx_word' id='word_1_170' title='bbox 770 2396 851 2444; x_wconf 92' lang='lat' dir='ltr'><strong>hic</strong></span> <span class='ocrx_word' id='word_1_171' title='bbox 896 2403 991 2444; x_wconf 85' lang='lat' dir='ltr'><strong>tam</strong></span> <span class='ocrx_word' id='word_1_172' title='bbox 1039 2404 1224 2446; x_wconf 89' lang='lat' dir='ltr'><strong>certum</strong></span> <span class='ocrx_word' id='word_1_173' title='bbox 1269 2404 1345 2445; x_wconf 89' lang='lat' dir='ltr'><strong>est</strong></span> <span class='ocrx_word' id='word_1_174' title='bbox 1382 2413 1527 2462; x_wconf 88' lang='lat' dir='ltr'><strong>quam</strong></span> <span class='ocrx_word' id='word_1_175' title='bbox 1566 2395 1698 2460; x_wconf 89' lang='lat' dir='ltr'><strong>quod</strong></span> 
     </span>
     <span class='ocr_line' id='line_1_28' title="bbox 263 2473 1697 2540; baseline -0.001 -18"><span class='ocrx_word' id='word_1_176' title='bbox 263 2473 599 2531; x_wconf 87' lang='lat' dir='ltr'><strong>certissimum,</strong></span> <span class='ocrx_word' id='word_1_177' title='bbox 660 2475 862 2523; x_wconf 90' lang='lat' dir='ltr'><strong>verbum</strong></span> <span class='ocrx_word' id='word_1_178' title='bbox 914 2484 1203 2525; x_wconf 81' lang='grc' dir='ltr'>κεκλαυσεται</span> <span class='ocrx_word' id='word_1_179' title='bbox 1261 2476 1474 2540; x_wconf 67' lang='lat' dir='ltr'><strong>notione⁸</strong></span> <span class='ocrx_word' id='word_1_180' title='bbox 1509 2473 1697 2539; x_wconf 80' lang='lat' dir='ltr'><strong>passiva</strong></span> 
     </span>
     <span class='ocr_line' id='line_1_29' title="bbox 264 2549 1696 2614; baseline 0 -17"><span class='ocrx_word' id='word_1_181' title='bbox 264 2549 513 2608; x_wconf 81' lang='lat' dir='ltr'><strong>adhiberi3</strong></span> <span class='ocrx_word' id='word_1_182' title='bbox 552 2566 664 2614; x_wconf 86' lang='lat' dir='ltr'><strong>quae</strong></span> <span class='ocrx_word' id='word_1_183' title='bbox 686 2558 849 2603; x_wconf 88' lang='lat' dir='ltr'><strong>tamen</strong></span> <span class='ocrx_word' id='word_1_184' title='bbox 873 2553 914 2602; x_wconf 92' lang='lat' dir='ltr'><strong>si</strong></span> <span class='ocrx_word' id='word_1_185' title='bbox 938 2553 987 2601; x_wconf 91' lang='lat' dir='ltr'><strong>in</strong></span> <span class='ocrx_word' id='word_1_186' title='bbox 1010 2552 1162 2601; x_wconf 87' lang='lat' dir='ltr'><strong>altero</strong></span> <span class='ocrx_word' id='word_1_187' title='bbox 1182 2552 1290 2600; x_wconf 91' lang='lat' dir='ltr'><strong>loco</strong></span> <span class='ocrx_word' id='word_1_188' title='bbox 1314 2574 1379 2614; x_wconf 79' lang='grc' dir='ltr'><strong>τῳ</strong></span> <span class='ocrx_word' id='word_1_189' title='bbox 1401 2557 1696 2606; x_wconf 80' lang='grc' dir='ltr'>κεκλαυσομαι</span> 
     </span>
    </p>
   </div>
   <div class='ocr_carea' id='block_1_14' title="bbox 266 2630 1695 2698">
    <p class='ocr_par' dir='ltr' id='par_1_14' title="bbox 266 2630 1695 2698">
     <span class='ocr_line' id='line_1_30' title="bbox 266 2630 1695 2698; baseline 0 -20"><span class='ocrx_word' id='word_1_190' title='bbox 266 2630 519 2690; x_wconf 85' lang='lat' dir='ltr'><strong>tribuatur,</strong></span> <span class='ocrx_word' id='word_1_191' title='bbox 545 2631 676 2680; x_wconf 91' lang='lat' dir='ltr'><strong>nulla</strong></span> <span class='ocrx_word' id='word_1_192' title='bbox 697 2649 896 2698; x_wconf 86' lang='lat' dir='ltr'><strong>prorsus</strong></span> <span class='ocrx_word' id='word_1_193' title='bbox 919 2633 1179 2686; x_wconf 88' lang='lat' dir='ltr'><strong>habebitur</strong></span> <span class='ocrx_word' id='word_1_194' title='bbox 1199 2631 1458 2682; x_wconf 87' lang='lat' dir='ltr'><strong>sententia.</strong></span> <span class='ocrx_word' id='word_1_195' title='bbox 1527 2630 1695 2684; x_wconf 80' lang='lat' dir='ltr'><strong>Virum</strong></span> 
     </span>
    </p>
   </div>
   <div class='ocr_carea' id='block_1_15' title="bbox 529 2782 1408 2837">
    <p class='ocr_par' dir='ltr' id='par_1_15' title="bbox 529 2782 1408 2837">
     <span class='ocr_line' id='line_1_31' title="bbox 529 2782 1408 2837; baseline 0.005 -18"><span class='ocrx_word' id='word_1_196' title='bbox 529 2786 599 2826; x_wconf 71' lang='grc'><strong>47.</strong></span> <span class='ocrx_word' id='word_1_197' title='bbox 636 2782 683 2822; x_wconf 82' lang='lat' dir='ltr'><strong>R.</strong></span> <span class='ocrx_word' id='word_1_198' title='bbox 709 2783 781 2830; x_wconf 86' lang='grc' dir='ltr'><strong>Β.;</strong></span> <span class='ocrx_word' id='word_1_199' title='bbox 810 2785 905 2824; x_wconf 76' lang='lat' dir='ltr'><strong>conf,</strong></span> <span class='ocrx_word' id='word_1_200' title='bbox 924 2784 979 2825; x_wconf 88' lang='lat' dir='ltr'><strong>D.</strong></span> <span class='ocrx_word' id='word_1_201' title='bbox 998 2784 1047 2826; x_wconf 83' lang='lat' dir='ltr'><strong>R.</strong></span> <span class='ocrx_word' id='word_1_202' title='bbox 1073 2786 1119 2825; x_wconf 82' lang='lat' dir='ltr'><strong>ad</strong></span> <span class='ocrx_word' id='word_1_203' title='bbox 1139 2785 1240 2824; x_wconf 81' lang='lat' dir='ltr'><strong>Tim.</strong></span> <span class='ocrx_word' id='word_1_204' title='bbox 1259 2798 1296 2837; x_wconf 88' lang='lat' dir='ltr'><strong>p.</strong></span> <span class='ocrx_word' id='word_1_205' title='bbox 1317 2788 1408 2825; x_wconf 79' lang='lat'><strong>222.</strong></span> 
     </span>
    </p>
   </div>
  </div>
 </body>
</html>
