1864 3132
819 232 919 281 385

151 316 324 407 *ylltwssh
359 359 474 396 νοος,
500 334 709 402 αδελφος,
740 357 906 400 χυτρα,
931 341 1180 401 Emit-parm,
1203 333 1363 387 fluunt
1383 333 1589 382 diminu*

128 417 253 466 “tiva
288 412 527 480 ’γνωμῖδιον
555 417 658 461 δέ.»
689 413 858 462 eadem
884 413 1030 477 plane
1053 414 1115 462 ab
1139 416 1326 471 ἱματιον,
1362 434 1591 478 αργυριον,

1094 489 1217 538 Haec
1262 495 1425 545 autem
1470 486 1594 535 crasi

158 574 323 621 Attica
367 569 591 630 ἱματῐδιον,
648 567 915 636 αργυρῐδιον,
974 569 1255 618 efferuntur.
1343 567 1633 622 Consimili

157 649 302 719 plane
321 639 514 695 ratione
538 647 667 710 apud
692 643 892 694 Latinos
926 662 957 693 a
979 644 1114 703 tuba,
1138 646 1289 711 fides,
1326 642 1473 703 tibia,
1498 637 1597 692 for-

157 716 350 777 mantnt
384 722 600 781 tubi'cen,
631 722 846 787 fidicen,
890 721 1103 785 tibicen;
1154 739 1264 770 nam
1311 716 1403 770 hoc
1444 716 1598 785 aequi-

155 788 306 866 pollet
347 824 412 865 τῳ
454 801 678 850 ἰίὀῖἵοεη.
768 801 883 849 Nec
928 800 1212 848 absimiliter
1257 801 1319 848 ab
1361 801 1601 864 αμφὸρόυς,

157 881 344 946 flou-pus,
362 883 499 944 ιχθυς,
522 880 599 946 vel
614 880 774 943 potius
792 885 1036 944 αμφορεως,
1058 878 1265 942 βοτρυος,
1290 880 1439 942 ιχθυος
1464 871 1602 937 (nam

158 956 496 1025 genitivorum
508 957 734 1006 habenda
756 964 830 1005 est
853 949 976 1005 ratio
992 957 1259 1023 syllabica)
1297 956 1604 1018 deducuntur

160 1035 457 1103 αμφορειδιον,
481 1034 746 1102 βοτρυιδιον,
780 1033 998 1101 ιχθυιδιὸν.
1054 1033 1185 1082 Hinc
1207 1034 1375 1098 liquet,
1410 1025 1603 1081 utillud

160 1115 318 1163 obiter
339 1115 684 1180 perstringam,
710 1130 855 1179 quam
879 1114 1059 1161 frustra
1081 1112 1229 1159 fuerit
1251 1113 1325 1160 Cl
1353 1111 1602 1159 Bentleius

161 1193 211 1239 in
235 1191 446 1240 Emend.
465 1191 514 1238 in
540 1191 776 1239 Menand.
802 1207 917 1255 pag.
943 1200 1013 1242 71.
1068 1194 1101 1213 “
1124 1189 1182 1236 In
1205 1188 1403 1254 longa,''
1430 1188 1602 1252 inquit,

163 1273 195 1292 “
217 1268 298 1318 illa
322 1285 383 1315 ex
407 1268 648 1317 Athenaeo
689 1269 787 1332 [lv.
831 1278 926 1315 132.
965 1265 1051 1328 F.]
1085 1265 1212 1330 ῥησει
1235 1264 1445 1329 paucula.
1466 1260 1605 1311 nobis

165 1349 197 1368 “
223 1345 527 1391 emendanda
572 1351 699 1401 sunt,
759 1360 868 1408 quae
914 1343 1027 1391 viris
1072 1342 1268 1389 summis
1314 1341 1606 1388 Casaubono

146 1428 201 1447 ·“
223 1422 494 1485 Grotioque
566 1421 722 1467 minus
791 1419 997 1466 feliciter
1064 1418 1359 1465 ceciderunt.
1451 1415 1606 1470 Versu

170 1503 201 1523 “
226 1504 415 1562 quarto,

155 494 436 542 derivantur
459 488 702 547 ἱματΐὶδιον,
737 489 1023 555 αργυρΐὶδιον.

309 1610 338 1638 ⁸*
364 1613 395 1632 “
417 1613 482 1655 Εν
515 1613 796 1673 προσφατοις
831 1603 1036 1671 ιχθυδιοις
1070 1609 1364 1669 τεθραμμενα,
1646 1607 1739 1649 215

171 1779 218 1805 ex
249 1764 463 1803 accusativo
499 1762 686 1817 Σωκράτη
718 1768 754 1800 et
782 1763 863 1800 Σω-
920 1762 1091 1807 eundem,
1123 1758 1312 1806 176.--ἦ“
1330 1759 1500 1814 χαλκοῦν
1514 1757 1612 1807 μέγα

170 1831 315 1885 κρᾶτ’-ην
366 1835 493 1880 patet3
559 1829 688 1872 eodem
755 1828 866 1865 modo
922 1826 1107 1872 Ὀλκεῖον,
1144 1831 1169 1848 “
1189 1832 1226 1863 et
1257 1825 1351 1863 alter
1382 1823 1613 1862 Philemonis

171 1897 316 1935 variare
341 1895 446 1948 '‘Apn
479 1901 516 1932 et
542 1893 667 1947 Ἄρην
702 1893 868 1931 enotavit
922 1891 1092 1929 Ὀλκεΐον
1121 1889 1216 1929 εἶδον
1246 1890 1308 1929 ἐπὶ
1340 1889 1515 1945 τραπέζῃ
1545 1891 1615 1927 κεῖ-

102 1955 108 1957 *
172 1960 224 1997 R.
240 1960 286 1997 P.
306 1959 353 1996 ad
372 1959 444 1996 Ph.
462 1961 571 2002 134.;
596 1956 681 1993 vide
696 1956 867 2006 AEschyl.
920 1957 1069 2006 μενον.”
1098 1953 1147 1993 R.
1168 1955 1215 1992 B.
1244 1953 1299 2008 τῷ
1331 1955 1377 1992 Τ.
1397 1954 1452 1992 Η.
1480 1968 1516 2004 p.
1540 1958 1616 1998 109

175 2024 304 2074 Suppl.
322 2021 415 2067 676.
446 2029 483 2060 et
496 2022 592 2060 conf.
616 2020 802 2059 Burneius
820 2022 868 2059 ad
925 2025 1069 2067 =314,
1098 2026 1136 2058 et
1152 2020 1339 2057 emendat.
1355 2020 1404 2057 ad
1417 2017 1618 2056 Menandr.

175 2091 317 2140 Agam.
338 2087 430 2132 376.
473 2087 691 2125 Boissonad.
710 2087 759 2124 ad
778 2087 867 2124 Phi·
922 2099 960 2136 p.
994 2083 1054 2123 16.
1116 2090 1141 2107 “
1164 2084 1329 2122 Diversa
1373 2094 1517 2134 quoque
1562 2086 1619 2120 est

176 2153 321 2190 lostrat.
353 2151 504 2189 Heroic.
550 2164 612 2200 pp.
649 2154 740 2199 495,
777 2154 867 2188 538.

180 2214 342 2252 Philem.
363 2214 456 2251 Lex.
484 2228 521 2263 p.
541 2219 604 2252 23.
635 2215 799 2252 Diversa
815 2219 872 2252 est

179 2279 274 2317 ratio
309 2280 347 2316 in
379 2279 638 2329 sequentibus;
685 2279 871 2329 Epigenes

179 2345 278 2396 apud
307 2344 449 2382 Athen.
479 2356 554 2389 111,
588 2347 652 2386 75.
691 2344 741 2380 D.
790 2341 873 2381 Εἶτ’

177 2412 341 2465 ἔρχεται
370 2407 612 2447 Χελιδονείων
636 2407 722 2455 μετ’
748 2407 876 2456 ὀλίγον

182 2476 354 2529 σκληρῶν
371 2474 483 2527 α’δρός·
509 2471 728 2511 Πινᾶκισκος
758 2471 807 2510 R.
826 2471 875 2510 Β.

182 2540 227 2576 de
254 2538 407 2576 Phalar.
437 2550 472 2586 p.
492 2532 583 2574 236.
620 2532 717 2573 conf.
754 2534 805 2572 R.
827 2534 874 2572 P.

183 2601 328 2639 Advss.
357 2613 393 2650 p.
416 2603 479 2643 59.
527 2596 755 2646 Hermippus
779 2597 877 2647 apud

145 2715 148 2718 Δ
187 2664 330 2704 Polluc.
362 2677 404 2710 x,
438 2661 526 2701 165.
571 2660 766 2715 ’Ἔχοντες
794 2660 878 2700 ἶσον

186 2718 380 2768 ἅσπιδεῖοὺ
400 2728 509 2780 ὀγκὶῳ
530 2725 580 2764 R.
601 2725 648 2762 B.
676 2727 731 2781 τᾷ
761 2725 806 2763 Τ.
825 2726 878 2763 Η.

922 2150 1045 2188 forma
1054 2149 1312 2199 copulatorum
1321 2147 1519 2186 verborum
1530 2159 1618 2184 cum

924 2232 999 2264 ημι,
1032 2221 1074 2253 ut
1107 2214 1397 2267 Ἡμιαμφόριοιᾳ,
1434 2210 1619 2268 ἡμιθωρά-

927 2298 1016 2328 κιον,
1031 2279 1299 2327 η’μιδιπλοΐδιον
1309 2280 1456 2330 [immo,
1475 2278 1619 2327 ἡμιδιπ-

927 2343 1066 2381 λοίδιον
1093 2342 1215 2381 Ρὶενε.
1244 2343 1293 2380 ad
1322 2343 1432 2381 Moer.
1470 2357 1508 2392 p.
1529 2340 1621 2387 276'.

932 2406 1049 2455 Toup.
1064 2407 1102 2444 in
1119 2406 1325 2456 exemplari
1339 2407 1435 2456 Epp.
1451 2406 1494 2443 T.
1508 2404 1622 2443 Fabri

931 2483 983 2517 11,
1018 2474 1107 2508 104.
1148 2477 1185 2508 et
1215 2470 1263 2507 ad
1302 2470 1405 2508 Suid.
1440 2483 1492 2517 11,
1528 2473 1622 2513 374.

931 2536 1109 2589 probante
1137 2533 1188 2572 R.
1211 2532 1258 2572 P.
1285 2535 1324 2572 in
1345 2537 1448 2585 App.
1478 2549 1513 2584 p.
1531 2538 1625 2572 481.

931 2603 968 2635 et
1005 2598 1044 2634 in
1086 2597 1162 2636 PR.
1206 2597 1256 2636 ad
1301 2597 1396 2636 Hec.
1443 2596 1626 2646 li=lv.]

932 2662 1187 2715 ἡμισφαίριον,
1225 2662 1433 2709 η’μιπόδιον,
1480 2667 1517 2697 et
1551 2660 1627 2696 alia

935 2726 1096 2764 multa.”
1153 2726 1203 2764 R.
1233 2725 1281 2764 B.
1328 2727 1367 2764 in
1402 2726 1551 2779 dissert.n
1583 2724 1628 2761 de

186 2809 224 2844 p.
261 2783 482 2853 199ss313.
540 2791 747 2829 Menander
782 2791 881 2841 apud
937 2791 1090 2850 Phalar.
1118 2805 1156 2840 p.
1176 2789 1269 2830 463.
