1864 3132
871 222 968 270 123

195 328 327 391 quod
373 328 664 377 Scholiastes
709 327 966 376 lectionem
1012 328 1152 377 istam
1210 328 1506 378 conservarit
1559 351 1627 378 και

191 426 342 452 ταυτα
363 413 558 463 καλυμμα
585 410 796 470 φορουση.
867 404 976 453 Vox
1010 406 1179 470 utique
1214 412 1430 472 φορονση,
1471 398 1626 470 qlian-

194 494 339 542 quam
363 480 468 543 ipsa
492 479 683 544 quidem
707 479 769 527 sit
792 479 946 537 nihili,
985 496 1016 527 a
1049 497 1165 529 vera
1194 488 1358 530 tamen
1387 481 1626 545 scriptura

191 571 291 603 uno
324 557 558 606 duntaxat
578 564 764 621 puncto
787 557 1019 615 discedit3
1075 558 1202 605 hanc
1225 566 1386 608 autem
1420 559 1488 606 sic
1518 565 1625 607 tan-

190 631 297 679 dem
321 632 537 691 restituo,
562 639 776 701 φορουσῃ.
846 632 934 681 Est
956 639 1118 681 autem
1152 632 1246 681 loci
1269 633 1511 682 sententia
1532 633 1626 681 hoc

187 715 333 771 pacto
357 724 455 756 non
481 709 633 757 solum
657 710 851 776 integra
873 716 1020 774 atque
1042 709 1302 773 aptissima,
1337 710 1422 758 sed
1445 715 1495 757 et
1514 723 1625 773 per-

189 801 334 849 quam
358 786 530 834 faceta.
604 787 761 847 Quam
802 787 1010 852 Anglice
1043 787 1154 835 ideo
1183 787 1342 851 potius
1375 787 1625 835 declaran-

189 865 299 912 dam
324 866 592 923 statuimus,
633 866 763 930 quod
786 881 943 914 sermo
967 871 1147 923 noster,
1182 863 1253 912 uti
1286 863 1383 912 fert
1411 864 1623 921 fortuna,

189 940 341 989 multo
380 942 675 989 commodior
719 942 779 990 sit
823 959 966 1008 quam
1010 941 1227 990 Latinus.

920 1018 1082 1067 PRO.
1115 1016 1258 1066 Must
1312 1016 1344 1066 I
1380 1017 1497 1066 hold
1541 1033 1624 1083 my
1661 1026 1724 1080 77

176 1031 313 1079 your
358 1022 557 1080 tongue,
603 1017 817 1067 *sim-ah.

1299 941 1450 990 LYS.
1486 939 1625 990 Hold

185 1095 371 1153 long-ue
389 1090 416 1138 ?
491 1091 640 1141 LYS.
686 1094 798 1140 And
832 1093 937 1141 that
964 1099 1053 1141 too
1088 1092 1165 1140 for
1199 1109 1294 1141 one
1329 1093 1435 1140 that
1469 1106 1624 1140 wears

182 1180 213 1211 a
250 1165 369 1231 Cap.
441 1168 593 1217 PRO.
639 1167 733 1217 Let
769 1185 847 1217 me
885 1170 978 1234 dyc
1014 1186 1201 1218 sooner.

1275 1169 1427 1219 LYS.
1473 1169 1544 1218 W
1539 1170 1620 1229 ell,

185 1242 308 1301 well,
330 1244 382 1310 {f
393 1244 501 1293 that
525 1245 581 1293 be
602 1245 682 1294 tlte
706 1246 823 1313 only
847 1245 1076 1305 obstacle,
1112 1246 1244 1304 here,
1270 1246 1384 1294 take
1405 1260 1488 1310 my
1519 1243 1624 1306 Cap

186 1320 289 1367 and
313 1328 409 1381 put
441 1321 481 1368 it
515 1338 594 1379 on,
635 1324 738 1371 and
761 1323 877 1371 then
910 1322 1027 1371 hold
1053 1339 1188 1389 your
1222 1321 1624 1387 longae—Take

188 1410 269 1459 my
296 1397 557 1458 petticoats
594 1406 686 1457 too,
728 1402 831 1449 and
857 1417 939 1466 my
960 1401 1306 1459 ‘work—basket,
1341 1409 1434 1452 &a

188 1486 387 1530 women,
429 1490 579 1523 never
596 1477 737 1541 sear,
761 1476 861 1523 will
883 1477 1093 1524 conduct
1115 1476 1195 1524 the
1223 1493 1340 1524 war.

1515 1399 1623 1448 The

1414 1476 1622 1524 Dativus

185 1556 349 1597 autem
373 1556 575 1622 φορουσῃ
597 1554 659 1600 ad
680 1554 882 1601 verbum
906 1576 1056 1602 σιωπω
1083 1570 1180 1602 non
1205 1570 1344 1602 secus
1367 1554 1447 1601 hic
1470 1555 1624 1602 refer-

186 1634 280 1686 tur,
342 1635 490 1693 atque
533 1631 584 1678 in
631 1631 852 1695 exemplo
896 1647 957 1679 ex
1000 1631 1154 1679 Ranis
1198 1632 1395 1679 laudato
1442 1620 1620 1695 τῳδεΜ.

186 1703 447 1764 Caeterum,
489 1714 543 1754 ut
566 1707 684 1755 illud
706 1708 865 1755 obiter
900 1715 1114 1773 tangam,
1155 1709 1293 1773 genti
1325 1708 1622 1757 Britannicas

187 1779 374 1829 felicius
421 1797 668 1831 cessurum
714 1783 862 1832 fuisse
907 1784 1113 1842 videtur,
1162 1785 1202 1831 si
1246 1785 1385 1832 alteri
1431 1785 1622 1834 cuidam

184 1858 435 1922 Προβουλῳ
471 1875 561 1923 per
598 1859 772 1926 viginti
810 1877 1050 1909 annorum
1088 1860 1297 1924 spatium
1332 1877 1620 1926 permagno,

239 2028 300 2061 14.
329 2023 418 2062 MS.
437 2022 595 2062 ΠΡΟΒ.
614 2024 686 2061 Σοί
709 2023 756 2072 γ’,
783 2022 811 2062 ὦ
827 2041 873 2071 κ.,

183 2088 314 2126 σιωπῶ
323 2086 615 2142 ’γαδ-φορούσῃ
634 2086 683 2124 R.
701 2086 742 2125 B.
772 2088 873 2125 Audi

183 2149 232 2188 R.
247 2151 295 2190 P.
321 2163 369 2188 ex
386 2151 535 2201 ephebis
561 2150 627 2189 vix
651 2163 871 2189 excessum:

181 2218 208 2236 “
228 2211 290 2250 Ea·
317 2212 444 2252 Schol.
473 2213 607 2263 optime
633 2214 874 2251 restituerunt

186 2276 422 2316 Dszsms
455 2276 583 2325 (Misc.
613 2276 708 2315 Crit.
732 2290 774 2327 p.
792 2275 874 2327 76.)

183 2340 398 2378 Markland.
422 2341 488 2390 (ad
506 2340 600 2380 Eur.
616 2340 748 2391 Suppl.
767 2345 875 2391 454.)

180 2404 333 2456 Taylor.
372 2405 487 2455 (apud
513 2402 633 2455 Toup.
665 2405 753 2444 Cur.
770 2405 872 2444 Nov.

180 2472 218 2509 in
255 2471 356 2509 Suid.
377 2474 454 2521 82.)
497 2470 636 2508 Σιωπό
665 2468 750 2518 ’γός
779 2471 873 2508 etc.''

179 2540 202 2558 “
224 2533 387 2577 Quorum
404 2534 565 2572 virorum
586 2534 873 2572 doctissimorum

181 2599 395 2636 sententiam
429 2611 497 2636 sua
533 2610 648 2647 porro
683 2599 874 2647 coufirmat

181 2661 520 2701 Trnwmrrvsss'
565 2661 737 2713 Burgess.
798 2662 874 2700 Ibi-

183 2726 268 2763 dem
296 2727 438 2764 monuit
469 2726 519 2765 R.
536 2727 582 2768 P.
613 2728 768 2765 verbum
785 2740 873 2767 curn

180 2790 307 2828 dativo
349 2803 537 2830 occurrere
589 2790 673 2829 Liv.
706 2803 778 2839 111,
807 2795 873 2831 41.

927 2024 1084 2076 Negant
1099 2038 1137 2062 se
1154 2025 1299 2074 privato
1313 2025 1474 2063 reticere.
1503 2024 1624 2075 Phry-

927 2090 1058 2127 nichus
1084 2091 1130 2128 Σ.
1150 2091 1199 2128 Π.
1218 2104 1255 2140 p.
1274 2095 1338 2128 40.
1366 2090 1469 2139 ’Etyw‘
1492 2108 1620 2129 σιωπω

928 2153 1050 2206 τῷδεε
1131 2153 1413 2207 Ἀριστοφάνης
1475 2157 1622 2201 ταύτην

927 2217 1169 2271 ἐσχημάτισε
1190 2220 1260 2265 τήν
1278 2218 1465 2272 σύνταξιν.
1506 2219 1626 2257 Haud.

927 2283 1038 2333 longo
1062 2290 1146 2332 post
1170 2290 1335 2334 tempore
1360 2286 1478 2323 denuo
1503 2285 1621 2324 incul-

927 2349 1029 2386 cavit
1053 2348 1125 2385 Vir
1146 2361 1340 2394 summus;
1387 2355 1412 2373 “
1434 2349 1551 2387 Recte
1567 2349 1621 2387 lo·

927 2424 1007 2449 cum
1025 2425 1068 2449 ex
1090 2411 1211 2450 MSS.
1236 2413 1429 2450 constituit
1455 2412 1621 2450 Brunck-

927 2475 996 2522 ius,
1040 2476 1249 2526 quibuscum
1288 2476 1486 2514 concordat
1526 2475 1618 2514 MS.

931 2541 1034 2578 Trin.
1045 2538 1135 2578 Coll.
1148 2538 1321 2579 Cantab.”
1331 2539 1377 2577 R.
1387 2540 1431 2577 P.
1443 2539 1491 2576 ad
1499 2539 1620 2589 Toup.

927 2616 963 2652 p.
983 2606 1074 2641 503.
1104 2602 1192 2639 Eur.
1219 2601 1347 2650 Suppl.
1365 2606 1457 2640 454⁴
1484 2603 1537 2647 tm*
1555 2601 1623 2655 ζᾴ·

927 2684 971 2713 ην
1001 2665 1059 2705 ἔτι
1093 2666 1285 2715 Aristoph.
1314 2666 1410 2703 Ran.
1430 2669 1520 2709 579.
1567 2667 1622 2702 A-

926 2732 1055 2772 cham.
1078 2734 1165 2770 151.
1179 2728 1272 2774 476.
1300 2728 1446 2768 κάκιστ’
1464 2728 1621 2767 ἀπολοί-

924 2810 1062 2841 μην-ι

1272 2868 1291 2894 s
