1864 3132
184 288 355 341 sinciput,
385 289 602 338 lact,”-sic
618 302 760 342 quoque
785 290 874 330 MS.

184 355 476 407 antiquissimus.
530 355 724 395 Chaiisius
744 369 774 404 1,
803 357 875 395 col.

185 423 251 464 78.
289 419 421 459 Laetis
444 422 701 459 nominativum
724 421 790 460 alii
812 435 877 459 vo-

185 485 265 523 lunt
290 485 364 533 lac,
389 486 463 528 ,alii
486 485 575 534 lact,
605 487 671 524 alii
689 487 810 525 lacte:
857 500 876 531 e

181 554 368 600 postrema
391 549 487 588 lacte
504 551 581 588 sine
598 550 689 588 vitio
711 551 875 597 dicimus,

184 627 269 652 nam
303 620 343 653 et
372 615 470 653 Cato
499 616 554 654 sic
584 616 707 654 dixit:
755 618 806 655 Et
838 617 877 655 in

187 677 299 717 Italia
328 683 429 718 atras
458 692 591 729 capras
623 680 719 719 lacte
749 681 876 719 album

186 745 336 782 habere.
387 744 463 782 Sed
478 751 515 783 et
533 746 706 798 Valgius,
730 752 767 786 et
784 748 880 785 Ver-

186 809 277 856 rius,
325 815 364 848 et
407 810 552 862 Trogus
588 812 632 850 de
668 813 879 851 animalibus

186 874 284 912 laete
313 874 452 913 dicunt.
497 875 606 914 Conf.
625 876 710 915 coll.
729 882 795 925 48,
814 882 878 923 49.

190 939 234 977 In
254 940 474 991 quibusdam
492 942 701 980 nominibus
723 943 879 993 propriis

189 1006 397 1056 praesertim
425 1006 621 1062 hominum
650 1009 789 1047 Graeca
819 1022 883 1058 po-

191 1072 276 1111 sitio
303 1084 390 1110 curn
421 1072 558 1111 Latina
582 1087 657 1112 non
680 1075 881 1120 consentit3

192 1137 317 1184 Plato,
336 1138 509 1186 Paloemo,
529 1139 661 1178 Graece
675 1141 884 1178 scribuntur

192 1202 372 1250 Πλάτων,
398 1204 611 1253 Παλαίμων·
642 1213 680 1243 et
704 1204 752 1243 R.
768 1204 814 1243 Β.
835 1204 883 1242 ad

193 1264 288 1304 Hor.
314 1266 444 1306 Carm.
467 1280 540 1315 111,
557 1269 635 1316 viii,
657 1273 703 1307 18
722 1271 883 1319 (1711.).

194 1331 258 1369 ubi
298 1340 483 1372 memorat
523 1348 609 1373 suos
649 1335 794 1373 codices
836 1334 883 1371 ad

195 1408 309 1434 unum
355 1411 483 1436 omnes
529 1399 766 1439 Comsoms
811 1412 885 1437 non

199 1458 464 1499 Consonus
482 1475 558 1510 prae
575 1475 614 1500 se
631 1463 748 1509 ferre;
778 1469 886 1514 atque

197 1527 252 1563 ita
280 1525 443 1563 Suetonii
470 1528 710 1566 membranas
740 1528 778 1565 in
794 1531 889 1566 ⁷-Au-

198 1593 308 1639 gusto
339 1588 431 1627 lxiii.
473 1595 498 1612 “
514 1591 709 1629 Frontinus
729 1592 889 1642 Strateg.

201 1667 231 1702 1,
249 1668 288 1701 x,
305 1658 343 1692 4.
370 1653 522 1704 Scor-ylo
540 1655 613 1691 dux
631 1655 890 1703 Dacorum,-

201 1720 262 1759 ubi
287 1733 354 1770 pro
378 1719 530 1770 Scorylo
552 1722 797 1770 reponendum
817 1721 892 1759 sor-

199 1790 299 1823 tasse
319 1783 456 1822 Cotiso.
513 1785 725 1835 Utcumque
744 1787 792 1824 sit
805 1803 816 1833 ;
843 1798 891 1823 ex

200 1861 244 1887 eo
295 1847 392 1899 quod
443 1846 595 1898 Scorylo
641 1849 775 1887 dixerit
818 1861 891 1886 non

202 1911 379 1960 Scorylou
397 1923 486 1950 casu
505 1917 615 1958 recto,
633 1912 724 1950 satis
739 1917 894 1962 apparet

199 1977 240 2016 in
262 1976 418 2028 obliquis
443 1990 516 2015 non
542 1977 639 2015 ontis
662 1990 764 2016 more
784 1978 893 2016 Grae-

201 2056 260 2089 co,
292 2043 356 2080 sed
385 2041 464 2080 onis
492 2043 751 2080 inflectendum
780 2043 894 2081 esse.''

204 2106 339 2157 Virgil.
373 2107 460 2144 AEn.
482 2119 585 2153 vul,
605 2111 696 2146 505.
727 2113 752 2131 “
773 2107 894 2145 Tarco

204 2182 254 2207 ex
290 2170 462 2220 analogia
497 2172 743 2219 scribendum,
791 2171 894 2209 libris

205 2232 320 2270 etiam
355 2234 603 2280 suadentibus,
638 2247 713 2272 non
751 2234 896 2272 Tar-con

207 2295 288 2346 [sed
316 2295 483 2333 Tarchon
505 2297 738 2348 Mediceus];
766 2303 808 2334 ut
835 2310 898 2334 su-

205 2372 275 2409 pra
296 2371 379 2405 vu,
399 2363 490 2398 532.
517 2361 625 2398 Almo
647 2361 756 2411 [Cod.
776 2361 898 2412 Med]

206 2437 281 2462 non
300 2424 443 2462 Almon.
499 2425 582 2462 Nec
600 2424 678 2462 ulla
698 2430 777 2463 erat
794 2438 899 2464 caus-

207 2501 263 2535 sa,
298 2501 365 2526 cur
398 2488 560 2526 formam
595 2488 705 2538 hujus
738 2488 897 2526 nominis

207 2551 371 2590 variaret
416 2552 542 2589 Poeta.
627 2551 756 2597 Quam
799 2552 898 2603 sequi

209 2614 345 2661 debuit,
375 2614 458 2664 ipsa
482 2614 590 2652 metri
618 2614 712 2652 ratio
741 2615 900 2653 ostendit

209 2678 306 2718 infra
337 2678 430 2720 602.
492 2680 609 2718 Haud
645 2681 776 2729 procul
815 2681 898 2718 hinc

211 2742 332 2782 Tareo
367 2749 404 2784 et
450 2745 629 2798 Tyrrheni
674 2749 758 2784 tuta
802 2751 900 2785 tene-

926 1496 931 1503 .
941 1464 1160 1501 audiverunt
1174 1477 1183 1500 :

930 293 1049 331 hanff
1075 293 1226 346 [lacuna
1242 293 1280 332 in
1300 293 1395 333 Cod.
1408 293 1521 333 Med.
1536 294 1561 333 ε’.
1576 290 1615 333 v}

930 357 1201 412 585⁴—642.]
1235 358 1458 397 Brunckins.
1507 358 1619 397 Confi

931 421 1104 461 Chishull.
1135 423 1183 460 ad
1217 423 1479 474 Inscrip.‘Sig.
1496 436 1533 472 p.
1553 427 1618 466 22.

929 492 1101 538 (1728.);
1130 488 1398 540 Shuclgfordius
1423 489 1620 538 (Connect.

933 567 964 600 1,
985 553 1078 602 261,
1098 559 1135 593 2.
1157 558 1289 604 1728.)
1323 555 1454 594 formae
1482 553 1622 608 σαρκός·

930 624 967 658 et
997 619 1140 670 φλογὸς
1170 631 1195 656 a
1224 619 1354 668 priscis
1380 619 1621 674 positionibus

934 686 1050 738 σᾶρκς
1086 690 1124 722 et
1156 685 1277 736 φλόγς
1307 685 1546 732 descendunt,
1580 689 1622 722 ut

931 750 1026 790 ὀπὸς
1055 750 1203 802 φλεβος·
1233 751 1281 788 ab
1313 750 1384 789 ὅπς
1415 756 1453 789 et
1482 749 1622 802 φλέβς·

933 817 1074 871 στιχὸς
1097 821 1135 854 et
1154 815 1360 868 κατήζιφος
1378 830 1403 855 a
1419 816 1538 871 στὶχς
1555 818 1625 866 (κς)

933 888 971 920 et
1005 879 1189 933 κατήλιφς·
1225 883 1318 932 (πε).
1375 880 1547 919 Clarkius
1576 880 1625 918 ad

935 945 981 983 Il.
1000 947 1051 991 A,
1084 942 1150 991 86,
1179 947 1329 995 (1729.)
1398 950 1424 967 “
1442 944 1558 982 Recte
1587 943 1625 980 in

935 1011 1108 1050 vocativo
1156 999 1336 1064 Κάλχαν.
1406 1010 1476 1047 Est
1527 1008 1626 1046 enim

935 1075 1187 1114 nominativus
1206 1073 1323 1124 plenis
1341 1073 1438 1111 notis
1452 1076 1628 1109 exaratus

939 1139 1172 1193 Κάλχανς;”
1211 1143 1238 1161 “
1255 1138 1470 1176 Observata
1496 1134 1631 1173 Mark-

938 1205 1052 1252 landi,
1068 1204 1188 1255 iuquit
1208 1202 1504 1248 Valckenaerius,
1524 1199 1629 1238 nobis

938 1283 1014 1309 una
1046 1282 1134 1307 cum
1177 1268 1360 1319 Euripidis
1397 1266 1630 1318 supplicibus

938 1335 1050 1381 edita,
1094 1334 1169 1372 illis
1205 1339 1294 1372 nota
1337 1332 1524 1383 pleraque,
1569 1329 1631 1380 qui

940 1402 1338 1439 Hnms'rmmvsmu
1383 1397 1442 1435 his
1483 1397 1522 1434 in
1558 1394 1633 1432 oris

1239 1463 1303 1500 sed
1344 1467 1382 1499 et
1420 1461 1479 1497 his
1516 1460 1635 1508 perju-

942 1528 1082 1566 cundus
1097 1527 1166 1564 fuit
1181 1525 1398 1564 Marklandi
1411 1535 1610 1562 consensus
1623 1537 1633 1567 ;

944 1598 992 1638 et,
1021 1604 1104 1642 quae
1130 1591 1190 1629 vir
1212 1584 1437 1628 immortalis
1456 1587 1636 1637 impertiit

946 1657 1092 1708 quidem
1146 1655 1346 1705 discipulis,
1404 1655 1468 1692 sed
1519 1653 1635 1691 literis

945 1721 1123 1758 mandare
1167 1719 1342 1770 neglexit,
1387 1717 1529 1767 primus
1573 1715 1636 1753 ille

944 1785 983 1823 in
999 1785 1121 1823 lucem
1149 1783 1334 1834 protulit.''
1373 1783 1422 1821 ad
1450 1781 1636 1820 Adoniaz.

944 1861 981 1898 p.
999 1851 1091 1893 349.
1139 1846 1265 1886 Schol.
1299 1846 1347 1883 ad
1386 1846 1437 1883 D.
1473 1845 1565 1882 Luc.
1599 1850 1636 1881 et

946 1914 1036 1951 Act.
1060 1913 1111 1950 D.
1132 1914 1267 1961 Apost.
1287 1923 1319 1958 1,
1338 1915 1431 1955 291.
1454 1915 1490 1948 et
1515 1909 1570 1947 D.
1586 1911 1635 1948 R.

948 1977 1055 2028 Elog.
1086 1990 1122 2027 p.
1147 1975 1212 2014 60.
1286 1975 1409 2026 Hujus
1445 1987 1535 2012 vero
1567 1985 1636 2023 ope

947 2041 1143 2092 caliginem
1177 2046 1340 2078 veterem
1373 2052 1393 2076 e
1432 2039 1516 2077 loco
1558 2038 1639 2076 Soe-

948 2106 1062 2156 phaui
1081 2106 1174 2156 Byz.
1193 2118 1231 2154 p.
1244 2103 1336 2142 643.
1354 2104 1394 2141 in
1411 2104 1518 2156 Πνιὶξ
1530 2101 1639 2140 dissi-

949 2169 1054 2219 pavit
1087 2168 1132 2205 T.
1151 2168 1205 2205 H.
1238 2168 1335 2217 apud
1363 2166 1411 2204 P.
1434 2167 1480 2205 P.
1503 2166 1559 2204 D.
1588 2165 1637 2203 ad

951 2234 999 2271 R.
1015 2234 1061 2272 P.
1094 2233 1251 2270 Emend.
1279 2234 1318 2270 in
1346 2232 1540 2281 Aristoph.
1568 2231 1638 2281 Eq.

953 2297 1082 2345 1106.,
1118 2303 1155 2336 et
1181 2298 1434 2336 emendatione
1455 2297 1641 2346 palmaria

951 2363 1206 2401 Herodianum
1237 2361 1482 2400 instauravit:
1525 2360 1640 2412 Πνύξ,

952 2428 1004 2465 wo*
1032 2429 1120 2480 παρ’
1149 2426 1358 2472 Ἀθηναίοις
1390 2425 1641 2478 δικαστήριον,

952 2492 1036 2544 περὶ
1056 2490 1100 2529 οὗ
1117 2499 1232 2543 φησιν
1250 2491 1472 2544 “Ηρωὸιανδς·
1496 2492 1537 2529 ἐν
1560 2494 1642 2527 τοῖς

953 2555 1037 2608 περὶ
1074 2556 1203 2594 παθῶν
1237 2554 1367 2593 οὕτως·
1403 2553 1546 2592 ''Eo-‘rw
1580 2553 1643 2591 οὖν

954 2622 1046 2658 πύκν
1077 2620 1213 2672 κυρίως.
1260 2618 1303 2657 οὔ
1334 2618 1482 2657 δύναται
1510 2618 1550 2656 δὲ
1578 2634 1643 2655 κα-

955 2683 1132 2735 ταλῆξαι,
1162 2681 1219 2719 καὶ
1237 2681 1444 2735 ὖπερετέθη
1468 2681 1520 2718 ‘ro‘
1539 2682 1564 2716 ν’
1583 2679 1642 2716 καὶ

953 2743 1101 2798 ἐτράπη
1127 2745 1187 2782 τὸ.
1203 2747 1232 2782 κ’
1259 2748 1307 2783 εἷς·
1323 2746 1361 2801 ξ,
1388 2744 1494 2797 πνύξ.
1535 2741 1644 2795 ν’πᾶρπ
