1864 3132
979 226 1078 280 186

297 330 401 372 nitivi
428 334 573 386 quidem
599 344 708 372 casus
734 338 912 378 extremes
930 334 991 375 lit-
1043 335 1238 378 nominum
1256 350 1377 387 casus‚
1402 341 1463 392 qui
1481 355 1555 394 non
1574 345 1737 396 eosdem,

294 404 384 438 terae
420 414 494 441 non
518 412 606 450 gon,
643 399 707 438 sed
735 413 835 452 gum,
870 401 988 441 dativi
1043 413 1133 452 quos
1151 415 1271 453 graece
1290 405 1389 454 elati,
1418 407 1539 447 exitus
1557 409 1736 462 habeant,

291 476 382 502 vero
415 477 487 507 nou
521 464 575 511 xi,
623 465 687 503 sed
719 465 829 517 gibus
864 473 986 506 essent

291 528 434 575 futurae,
467 530 521 567 sic
555 535 597 568 ut
632 544 704 569 non
740 531 915 583 Phrygon
947 538 984 571 et

290 593 434 643 Phryxi
466 607 595 646 graece,
631 597 695 634 sed
729 596 916 648 Phrygum
947 603 984 636 et

289 659 499 711 Phrygibus
517 661 631 700 latine
648 662 842 701 dicendum
859 666 981 713 esset),

286 724 398 762 valde
428 727 631 766 absurdum
660 728 789 767 fuisset
816 729 980 769 litteram

285 789 393 828 illam
436 804 601 842 graecam
644 791 803 845 usquem
825 795 892 833 .ab
935 796 980 834 iis

285 855 365 893 sive
393 857 432 894 in
460 861 559 896 recto
584 857 662 896 sive
683 858 722 896 in
743 859 899 910 obliquis
918 874 981 899 ca-

285 920 387 959 sibus
406 922 564 961 retineri.
593 936 696 971 nam,
715 925 747 963 si
762 937 846 963 eam
861 939 887 963 a
900 926 979 964 solo

284 990 384 1023 recto
410 987 665 1035 removissent,
680 989 762 1035 sic,
790 994 832 1027 ut
859 989 979 1028 Phru-

279 1064 360 1102 ges,
390 1064 464 1090 non
483 1052 649 1105 Phryges
671 1053 863 1102 diceretur,
895 1061 977 1093 tum

282 1121 405 1155 rectus
433 1118 583 1169 quidem
611 1133 658 1157 ex
686 1133 807 1170 graeco
838 1121 975 1159 latinus

280 1182 462 1221 evasisset
499 1185 604 1232 (recti
632 1185 731 1223 enim
762 1186 824 1224 ille
854 1187 975 1226 exitus

276 1260 346 1298 ges
374 1247 510 1287 latinus
541 1251 625 1299 est),
657 1249 778 1288 sedin
800 1251 973 1302 obliquis,

279 1311 440 1351 latinum
475 1314 618 1352 exitum
653 1317 874 1367 caeteroquin
907 1317 977 1355 ha-

278 1377 463 1425 bentibus,
512 1378 649 1429 aliquid
692 1393 767 1418 non
792 1380 974 1429 latinum,

279 1452 404 1490 graeca
433 1441 501 1479 illa
531 1454 663 1491 nempe
694 1442 818 1480 littera
843 1455 882 1492 y,
921 1456 976 1481 re-

278 1505 500 1543 mansisset:
544 1506 641 1556 quod
671 1512 769 1544 certe
801 1513 881 1545 erat
911 1508 975 1545 ab-

278 1569 444 1607 surdum.
485 1570 516 1608 si
545 1569 632 1608 'vero
658 1584 681 1609 a
705 1571 793 1610 solis
815 1571 973 1623 obliquis

277 1635 450 1673 eamdem
478 1637 734 1684 removissent,
771 1636 974 1688 Phrugum,

278 1712 353 1738 non
372 1699 571 1752 Phrygum,
597 1707 633 1739 et
652 1701 874 1752 Phrugibus,
899 1715 973 1740 non

279 1764 501 1817 Phrygibus,
530 1771 762 1817 usurpantes,
794 1772 875 1805 tum
898 1780 974 1805 rec-

277 1834 338 1867 tus
369 1831 530 1868 nominis
563 1832 656 1881 ejus,
693 1833 798 1880 cujus
834 1832 973 1882 obliqui

277 1904 387 1930 casus
417 1891 523 1930 latini
555 1893 655 1930 omni
681 1905 728 1930 ex
755 1898 859 1942 parte
883 1893 972 1932 facti

277 1955 412 2003 essent,
429 1955 533 1995 nulla
550 1970 596 1995 ex
615 1963 719 2007 parte
735 1971 809 1996 non
826 1971 970 2009 graecus

277 2021 541 2073 relinqueretur
613 2022 799 2074 (Phryges
869 2024 970 2062 enim

277 2086 387 2135 plane
405 2093 513 2138 atque
535 2088 705 2126 omnibus
727 2088 858 2127 litteris
880 2101 971 2139 grae-

277 2162 323 2187 ca
351 2150 483 2200 positio
515 2154 607 2201 est):
655 2151 752 2202 quod
783 2152 873 2190 item
904 2152 970 2189 ab·

276 2213 430 2253 surdum
456 2219 547 2253 erat.
582 2221 679 2254 recte
695 2215 806 2266 igitur
824 2215 968 2255 nullum

274 2276 313 2316 in
330 2282 409 2316 tota
427 2278 525 2317 illius
543 2279 703 2317 nominis
727 2279 969 2319 declinatione

275 2354 406 2391 graecae
434 2342 564 2382 litterae
587 2357 614 2394 y
641 2344 766 2383 locum
794 2358 874 2384 esse
902 2357 969 2383 vo-

273 2405 433 2453 luerunt,
461 2420 519 2455 ne,
547 2413 611 2446 aut
637 2409 669 2447 si
697 2422 780 2447 eam
809 2410 846 2448 in
867 2415 966 2448 recto

273 2461 370 2510 casu
400 2471 644 2519 retinuissent,
693 2486 814 2525 graece
853 2474 966 2525 loqui,

273 2535 446 2573 eumdem
482 2549 611 2574 casum
655 2537 765 2586 plane
801 2551 963 2588 graecum

273 2601 503 2646 usurpantes,
531 2605 758 2650 cogerentur,
788 2606 866 2650 aut,
893 2602 963 2639 nisi

271 2663 368 2698 eam‘
382 2660 428 2698 ab
452 2661 607 2713 obliquis
632 2664 888 2711 removissent,
917 2664 961 2704 iis

271 2736 344 2763 non
362 2724 471 2774 plane
490 2725 613 2764 latinis
627 2727 963 2766 uterentur.—Hu-

264 2788 430 2839 jusmodi
448 2789 566 2842 igitur
594 2790 726 2831 latinos
756 2804 959 2844 graecorum

1040 465 1118 504 sive
1145 468 1246 515 recti,
1276 469 1355 508 sive
1379 471 1530 523 obliqui,
1559 473 1654 516 sive
1662 475 1740 523 sin-

1039 529 1186 579 gulares
1221 532 1300 571 sive
1335 534 1498 583 plurales
1534 537 1620 586 sint,
1657 521 1739 584 bar*

1038 595 1145 633 baros
1169 610 1292 646 casus,
1323 599 1394 637 hoc
1422 607 1491 648 est,
1523 603 1735 660 peregrinos

1036 665 1147 711 atque
1189 663 1369 710 exoticos,
1420 678 1602 717 perquam
1646 672 1757 718 apto'

1036 716 1232 774 vocabulo,
1265 732 1302 765 et
1326 730 1374 766 ab
1398 729 1489 778 ipsis
1511 732 1644 781 graecis
1661 733 1736 782 pri-

1035 802 1142 827 mum
1161 791 1311 829 invento
1329 797 1439 843 atque
1457 801 1648 845 usurpato,
1680 797 1734 835 di-

1035 858 1180 891 cuntur.
1210 867 1254 892 ac
1276 855 1432 895 Marcus
1451 858 1598 908 quidem
1618 861 1733 900 Plau-

1034 923 1093 956 tus
1119 931 1260 968 graecas
1286 922 1485 961 comoedias
1508 915 1614 972 dues,
1642 926 1733 966 Asi-

1032 981 1175 1019 nariam
1204 988 1315 1035 atque
1349 985 1610 1037 Triuummum,
1643 1003 1731 1031 cum

1032 1046 1169 1085 latinas
1187 1061 1211 1086 a
1229 1062 1268 1087 se
1285 1049 1405 1089 factas
1425 1053 1539 1092 vellet
1562 1054 1731 1108 intelligi,

1032 1112 1184 1151 barbare
1203 1126 1228 1151 a
1244 1127 1284 1153 se
1301 1128 1430 1155 versas
1449 1117 1543 1157 dixit
1562 1133 1571 1157 ε
1603 1119 1730 1169 Nunc,

1031 1177 1129 1226 quod
1156 1190 1210 1216 me
1237 1178 1316 1217 dixi
1343 1181 1433 1218 velle
1463 1182 1565 1220 vobis
1593 1183 1752 1231 dicere,-

1030 1241 1180 1281 Dz‘cam.
1233 1244 1316 1283 huic
1352 1258 1478 1285 nomen
1515 1261 1639 1299 graece
1671 1254 1727 1287 est

1033 1307 1183 1359 Ouagos
1228 1310 1374 1363 fabuloe
1388 1325 1402 1349 .·
1482 1311 1727 1364 Demophilus

1029 1372 1195 1422 scripsit,
1225 1373 1386 1414 Marcus
1412 1377 1530 1415 vortit
1561 1378 1726 1417 barbare.

1031 1437 1076 1475 In
1106 1437 1255 1489 Prolog.
1287 1440 1398 1479 Asin.
1426 1454 1523 1481 vers.
1540 1446 1580 1488 9.
1621 1443 1726 1482 Huic

1027 1515 1154 1540 nonzen
1169 1517 1292 1555 graece
1320 1511 1376 1543 est
1407 1505 1593 1546 Thesauro
1607 1508 1726 1559 fabu-

1027 1566 1098 1605 lae:
1158 1567 1320 1607 Philemo
1356 1570 1522 1620 scripsit,
1567 1572 1726 1618 Plautus

1028 1632 1145 1670 'vortit
1182 1633 1345 1672 barbare.
1399 1635 1444 1673 In
1481 1635 1581 1675 Prol.
1618 1637 1721 1676 Trin.

1027 1710 1124 1736 vers.
1147 1703 1210 1737 18.
1267 1699 1396 1746 Quam
1419 1701 1721 1741 consuetudinem

1028 1766 1217 1811 sequutus,
1254 1764 1313 1801 M.
1339 1764 1484 1803 Tullius
1519 1768 1573 1815 (et
1603 1765 1724 1812 Quin-

1026 1824 1175 1864 tilianus
1211 1830 1339 1878 supra)
1382 1828 1518 1867 latinas
1559 1829 1722 1871 declina-

1026 1887 1157 1935 tiones,
1183 1891 1394 1930 nominibus
1419 1891 1552 1942 graecis
1579 1893 1722 1931 adhibi-

1025 1957 1098 1997 tas,
1129 1953 1302 1992 barbaros
1317 1955 1370 2006 (id
1388 1962 1457 2003 est,
1475 1968 1547 1994 non
1561 1958 1720 2008 groecos)

1024 2029 1131 2055 casus
1167 2019 1408 2073 ⁸appellavit?
1475 2013 1722 2066 LAGOMnR'-

1026 2093 1121 2120 s1N1
1147 2083 1196 2120 ad
1217 2082 1259 2122 J.
1280 2084 1443 2135 Pogiani
1463 2085 1584 2135 Epist.
1605 2098 1638 2134 1,
1654 2100 1718 2137 pp.

1027 2149 1252 2192 189-194,
1296 2148 1470 2188 Lucanus
1493 2162 1518 2187 a
1533 2150 1720 2190 ⁴Wrmo-

1000 2203 1096 2248 'mo
1135 2211 1350 2250 emendatus
1395 2213 1530 2252 Phars.
1562 2226 1593 2263 1,
1625 2215 1718 2266 555.

1025 2273 1166 2325 Tethyn
1201 2277 1400 2327 majoribus
1435 2279 1542 2317 undis
1576 2276 1719 2332 Hespe-

1020 2338 1114 2376 riam
1133 2339 1277 2390 Calpe3
1318 2342 1525 2394 culmenque
1552 2344 1717 2394 implevit
1757 2367 1767 2377 ι

1021 2403 1202 2444 Atlantis.
1259 2407 1332 2445 Sed
1348 2421 1484 2446 nomen
1504 2407 1617 2458 Calpe
1640 2409 1716 2447 La-

1020 2469 1183 2509 tinorum
1199 2484 1302 2511 more
1318 2473 1461 2511 flectere
1475 2471 1610 2510 maluit
1622 2472 1712 2511 Juv.

1021 2536 1099 2574 Sat.
1134 2549 1232 2585 xw,
1261 2543 1355 2584 279.
1411 2538 1576 2588 AEquora
1611 2542 1713 2577 trau-

1017 2601 1115 2639 siliet
1128 2618 1140 2648 3
1184 2603 1250 2641 sed
1278 2603 1384 2655 longe
1418 2602 1536 2652 Calpe
1566 2603 1710 2650 relicta,

1019 2665 1171 2703 Encaen.
1192 2679 1254 2717 pp.
1272 2665 1338 2714 26,
1358 2670 1395 2711 7.
1431 2665 1581 2705 Κάλπις
1610 2667 1708 2717 apud

1017 2730 1232 2770 Philostrat.
1280 2731 1359 2769 vit.
1390 2731 1442 2771 A.
1466 2731 1512 2770 Τ.
1548 2743 1588 2779 v,
1617 2731 1642 2779 i,
1669 2743 1707 2819 p.

1019 2798 1106 2841 189.
1134 2795 1192 2836 ed.
1213 2794 1366 2836 Olearii.
