1864 3132
0 2174 5 2262 l

851 165 918 212 35

161 265 286 329 Quae
330 268 481 317 verba
528 267 598 316 sic
649 267 1000 339 interpretatur
1043 268 1118 317 vir
1159 266 1596 333 praestantissimus,

158 346 339 395 Prima
362 346 540 395 vocalis
561 350 702 412 Αλφα
714 346 1002 395 nominatur
1017 364 1032 393 .·
1055 345 1272 395 secunda
1293 351 1348 395 Ει
1370 351 1594 394 tantum.-

159 423 306 472 tertia
329 441 429 472 non
443 441 539 487 per
559 439 612 471 se
632 422 817 471 dicitur
842 428 887 471 H
911 424 997 472 sed
1021 429 1143 472 Ητα.

1220 421 1352 483 Quid
1373 427 1553 489 quarta
1568 419 1596 469 ,7

157 518 228 549 an
251 501 537 565 simpliciter
557 500 862 550 nominanda
886 508 959 550 est
981 508 1036 549 ut
1059 508 1203 550 sonat
1217 500 1266 556 ,79⁷
1285 498 1404 550 Non
1422 518 1438 548 .·
1477 498 1597 566 quin

149 567 319 641 potius
343 584 461 628 Ιωτα
484 578 759 627 dicendum.
792 577 925 638 Quid
942 578 1150 644 quinta?
1178 578 1364 638 Quinta
1383 583 1463 626 Ου.
1488 593 1599 626 sex-

157 661 260 702 tam
283 661 324 702 Υ
350 662 544 704 tantum
568 654 730 703 dicito.
755 654 932 702 ultima
957 660 1029 702 est
1050 660 1090 701 Ω
1111 659 1292 716 septem
1312 651 1562 702 vocalium
1576 668 1594 699 .-

157 744 264 794 quae
288 729 481 795 quidem
500 745 600 776 non
616 745 734 776 sono
751 735 868 776 sunt
884 734 1079 792 septem,
1096 743 1272 775 verum
1287 749 1347 794 τῃ
1370 723 1596 792 προσῳδιᾳ

154 811 350 853 tantum
367 812 413 853 et
436 812 707 868 temporum
727 803 933 853 ratione.
972 805 1039 851 At
1061 803 1190 852 enim
1213 803 1405 852 videtur
1426 802 1501 851 vir
1516 800 1593 855 Cl.

153 884 291 932 verbi
310 906 442 938 μονον
464 883 711 931 notionem
735 882 892 930 minus
921 888 1054 930 recte
1085 882 1166 930 hic
1189 881 1390 945 cepisse,
1415 894 1594 943 nempe

153 967 211 1009 ut
243 960 424 1009 indicet
457 960 672 1008 vocalem
706 958 994 1023 simpliciter
1026 957 1382 1007 nominandam
1414 971 1519 1005 esse
1541 959 1599 1004 ut

151 1104 307 1152 ε’κπήῧα,
337 1107 459 1156 φίλος.
505 1105 555 1142 Β.
575 1105 622 1142 Β.
647 1105 698 1142 ad
722 1104 770 1142 Τ.
790 1104 844 1142 Η.

151 1180 190 1217 p.
219 1171 269 1212 91
291 1185 334 1204 =
359 1172 453 1215 291,
488 1172 526 1206 et
557 1168 607 1206 ad
643 1167 843 1226 Menandr.

152 1244 191 1282 p.
219 1229 286 1270 62.

152 1357 288 1406 Ωμέγα
316 1359 362 1397 In
380 1362 502 1410 Apoc.
530 1361 585 1399 D.
609 1361 719 1401 Joan.
748 1361 846 1408 xxii,

155 1425 219 1459 13.
248 1422 369 1462 MSS.
402 1425 501 1473 apud
533 1426 583 1462 R.
603 1426 650 1463 B.
691 1426 768 1474 έγοδ
797 1424 848 1463 vd

144 1485 281 1538 Ἀλφα
293 1487 353 1525 καὶ
365 1489 417 1525 τὸ
424 1489 473 1527 Ω.
492 1494 518 1512 “
528 1490 611 1540 Ego
621 1502 706 1527 sum
718 1489 849 1538 Alpha

151 1552 190 1585 et
216 1548 266 1586 Ο.
307 1562 398 1587 nam
432 1562 594 1601 parvum
631 1551 781 1601 quidem
809 1551 847 1588 O

152 1613 341 1651 vocabant
357 1613 447 1661 ΟΥ,
476 1614 620 1652 ultimae
645 1621 772 1654 autem
788 1615 850 1653 lit-

150 1682 240 1715 terae
250 1677 351 1715 idem
362 1690 499 1716 nomen
511 1684 550 1717 et
558 1685 722 1728 potestas
729 1680 848 1718 erat.”

146 1741 294 1780 Mutet.
319 1742 371 1779 V.
403 1742 450 1779 L.
479 1745 674 1790 xvni,‘i.
725 1745 849 1782 Auso-

149 1804 245 1852 nius,
275 1804 329 1842 Et
345 1818 512 1856 suprema
533 1807 632 1844 notis
648 1807 847 1846 ascribitur

150 1869 339 1920 Argolicis
348 1870 403 1908 Ω.
434 1871 654 1911 Prudentius
667 1872 843 1911 Cathem.

150 1933 283 1984 hymn.
316 1946 384 1982 1x,
413 1940 474 1973 10.
533 1935 651 1975 Corde
664 1937 783 1989 fusus
802 1951 845 1975 ex

143 1999 314 2047 parentis
354 2005 439 2037 ante
477 2001 602 2038 mundi
646 2002 843 2050 exordium,

143 2060 281 2114 Ἄλφα
309 2068 347 2100 et
375 2064 412 2101 Ω
441 2064 727 2114 cognominatus,
767 2065 845 2114 ipse

140 2122 237 2175 sons
279 2130 317 2162 et
355 2125 518 2163 clausula
547 2127 727 2173 Omnium,
768 2140 848 2176 quae

150 2193 249 2235 sunt,
270 2187 447 2239 fuer-unt,
487 2203 635 2240 quoeque
666 2196 755 2240 post
774 2190 848 2242 fu-

151 2254 239 2288 tura
269 2256 365 2288 sunt.
416 2258 454 2289 et
487 2252 664 2291 Paulinus
705 2254 750 2291 de
784 2254 846 2292 lit-

152 2312 239 2350 teris
268 2313 416 2360 iisdem,
435 2313 574 2367 Ἀλφα
605 2316 732 2354 itidem
758 2316 844 2354 mihi

153 2375 322 2414 Christus
333 2383 369 2415 et
381 2378 432 2424 Ω,
449 2379 511 2428 qui
525 2391 658 2433 summa
671 2381 846 2430 supremis

152 2440 304 2479 Finibus
323 2442 453 2480 excelsi
466 2443 613 2493 pariter
631 2446 846 2495 complexus,

151 2510 189 2543 et
223 2505 301 2554 imi,
346 2505 490 2554 Victor,
536 2513 574 2545 et
607 2509 766 2561 inferna,
811 2515 848 2549 et

147 2570 298 2619 pariter
341 2572 499 2610 caelestia
550 2573 658 2623 cepit.
735 2574 846 2613 Cous.

153 2633 280 2672 Schol.
298 2635 347 2672 ad
375 2635 472 2674 Plat.
505 2649 541 2686 p.
561 2640 627 2674 44.
669 2638 846 2690 Scaliger.

156 2697 204 2735 ad
214 2698 349 2739 Euseb.
367 2713 404 2750 p.
417 2706 504 2740 120.
518 2700 648 2740 Pears.
659 2702 846 2754 adSymb.

153 2774 218 2818 pp.
238 2767 332 2814 247,
359 2769 397 2814 8,
420 2770 459 2811 9.
503 2764 594 2806 266.
633 2767 681 2806 R.
711 2767 758 2806 B.
798 2769 847 2807 ad

900 1103 996 1143 Hor.
1013 1103 1144 1143 Carm.
1164 1117 1197 1153 1,
1212 1119 1307 1152 xxv,
1329 1103 1597 1143 11.-Addere

897 1168 1001 1216 libet,
1021 1170 1154 1207 rasile-o*
1169 1168 1339 1223 γράμμα,
1366 1170 1418 1206 ‘ro‘
1436 1165 1597 1221 Δωριέες·

896 1233 964 1280 μὲν
982 1233 1063 1270 Edu
1079 1231 1266 1280 καλέουσι,
1277 1231 1401 1270 Ἴωνες
1416 1231 1456 1270 δὲ
1467 1231 1595 1279 Σὶγμα

902 1296 1082 1335 Herodot.
1099 1309 1131 1344 1,
1148 1301 1238 1342 139.
1257 1309 1369 1347 quem
1378 1296 1419 1334 in
1432 1295 1598 1333 Censore

902 1362 1118 1402 Britannico
1136 1361 1238 1400 haud
1254 1362 1309 1400 ita
1325 1361 1469 1411 pridem
1482 1358 1599 1398 citavi

901 1427 1019 1475 (Brit.
1039 1426 1135 1464 crit.
1153 1425 1253 1464 June
1282 1424 1396 1464 1806.
1424 1438 1461 1474 p.
1486 1422 1598 1474 662.)

903 1489 965 1526 De
1009 1489 1069 1526 his
1112 1488 1277 1527 latibulis
1323 1488 1408 1526 vide
1446 1487 1598 1525 omnino

903 1551 1112 1599 Muretum,
1164 1552 1289 1591 virum
1334 1551 1600 1602 praestantissi-

902 1628 1023 1664 mum,
1053 1615 1080 1654 l.
1100 1629 1214 1667 supra
1230 1629 1264 1655 c.
1311 1616 1387 1654 Hic
1415 1629 1487 1666 ago
1514 1612 1595 1663 tibi,

901 1680 1121 1720 venerabilis
1154 1680 1294 1719 scholae
1320 1678 1598 1719 Mercatorum·

901 1746 1110 1785 Scissorum
1115 1746 1323 1796 juventutis
1333 1746 1478 1793 ductor,
1486 1759 1598 1784 max-

897 1810 996 1848 imas
1015 1811 1168 1861 gratias,
1202 1824 1268 1861 pro
1296 1818 1362 1850 tua
1384 1819 1597 1851 mansuetu-

898 1872 982 1910 dine
1010 1872 1154 1911 debitas
1184 1879 1222 1911 et
1255 1874 1412 1926 delatas,
1443 1876 1506 1926 qui
1533 1889 1596 1914 me

897 1928 989 1973 olim
1000 1935 1039 1973 in
1050 1936 1152 1974 hisce
1170 1938 1278 1975 rebus
1296 1938 1449 1977 minutis
1463 1951 1595 1988 pueros

890 2000 937 2054 in
947 2002 1012 2040 via
1021 2002 1177 2040 comiter
1183 2009 1394 2042 monstrata
1399 2005 1597 2042 ducentem

898 2065 1054 2115 benigne
1071 2067 1272 2115 aspexeris.
1305 2067 1482 2118 Reliquas
1499 2069 1596 2107 litte-

901 2142 976 2176 ras,
994 2136 1037 2167 ut
1053 2130 1232 2178 hodierni,
1252 2131 1468 2183 plerumque
1482 2146 1596 2171 enun-

900 2195 1051 2232 ciabant
1068 2195 1206 2240 Attici;
1235 2196 1426 2246 Aristopk.
1448 2197 1593 2236 Eccles.

899 2256 991 2296 680.
1048 2256 1127 2295 Kal
1157 2259 1304 2310 κηρύξει
1338 2260 1425 2297 τούς
1452 2259 1492 2297 ἐκ
1522 2261 1594 2298 τοῦ

899 2318 1019 2357 BHT'
1047 2318 1109 2357 ἐπὶ
1134 2320 1206 2365 τήν
1234 2320 1364 2359 στωιὶν
1380 2321 1595 2362 ἀκολουθεῖν

901 2383 980 2429 Τῆν
992 2383 1192 2422 Βασίλειον
1203 2383 1483 2431 Remuria-ouva&
1506 2387 1595 2424 τούς·

903 2448 1002 2494 Θῆτ’
1022 2452 1070 2486 εἷς·
1089 2449 1161 2494 τήν
1180 2451 1288 2504 παραὶ
1302 2450 1594 2497 ταύτην’*****

902 2511 997 2550 Totis·
1030 2512 1060 2551 δ’
1094 2514 1134 2553 ἐκ
1165 2515 1237 2552 τοῦ
1270 2514 1405 2553 Ka'mr’
1438 2520 1486 2554 eis·
1523 2516 1595 2563 τήν

903 2577 1034 2614 στωᾶν
1052 2582 1196 2631 χωρεῖν
1215 2579 1285 2624 τήν
1298 2577 1595 2630 Ἀλφιτόπωλιν.

902 2642 1057 2680 Thesm.
1077 2646 1169 2685 788.
1206 2643 1316 2682 τουτὶ
1335 2645 1387 2683 ’νδ
1404 2646 1475 2684 ΡΩ
1492 2662 1594 2699 μοχ·

900 2705 1024 2760 θηρόν.
1063 2706 1159 2745 Vide
1180 2708 1355 2761 Scaliger.
1384 2711 1431 2749 ad
1458 2712 1591 2751 Euseb.

900 2782 963 2822 pp.
984 2776 1002 2810 1
1011 2776 1029 2810 1
1038 2776 1056 2810 1
1070 2794 1125 2803 —
1134 2776 1226 2812 122.

1235 2847 1262 2873 G
