1864 3132
922 236 925 239 ’
953 224 1057 275 466

289 330 717 380 contradictorium
745 330 951 379 videtur.
1021 330 1176 381 Nunc
1200 332 1326 392 vide,
1351 334 1480 383 inter
1500 334 1607 384 haec
1630 340 1729 383 tam
1752 314 1755 315 ⁷

208 443 210 446 ,
290 406 462 454 stolida
478 414 536 454 et
558 423 722 458 veram
746 407 935 456 Comici
959 425 1155 458 manum
1180 411 1298 474 quid
1321 411 1543 461 intersit:
1583 415 1586 417 ’

570 495 784 549 Αιὸοντας
816 521 952 548 αυτ-ον
986 509 1279 547 EKKAAEIN
1300 501 1435 538 —¹⁵¹

297 593 529 645 Canendo
564 613 677 646 eum
716 598 986 647 evocemus.
1058 598 1149 647 Vel
1187 601 1348 664 potius
1385 594 1731 660 ΕΚΚΑΛΕΙΣΘ,

289 672 335 720 h.
363 689 405 721 e.
443 679 738 723 εκκαλεισθαι.
801 674 997 739 Nempe
1022 676 1115 724 hoc
1139 677 1294 741 ipsum
1320 685 1409 736 est,
1435 679 1567 742 quod
1584 691 1734 743 supra

288 750 351 798 ab
375 751 448 798 his
473 752 670 800 senibus
695 752 800 810 fieri
827 752 983 801 solere
1014 753 1133 801 dixit
1165 754 1443 820 Bdelyeleo.
1479 771 1604 804 vers,
1629 765 1731 808 219.

491 857 687 916 Λυχνους
720 871 914 917 εχοντες,
948 875 1019 900 και
1051 854 1344 920 μινυριζοντες
1378 862 1503 914 μελη,

490 932 568 979 One
602 938 1016 976 EKKAAOYNTAI
1051 953 1296 979 ‘rom-ovs·—

290 1028 427 1077 Intel'
450 1029 600 1078 verba
621 1035 784 1078 autem
808 1039 1001 1079 εκκαλειν
1022 1037 1073 1079 et
1095 1036 1373 1082 εκκαλεισθαι
1403 1033 1454 1081 id
1475 1031 1736 1081 intercedit

245 1109 253 1117 ¹
290 1104 593 1163 discriminis,
635 1108 765 1170 quod
800 1100 918 1155 illud
952 1107 1233 1171 simpliciter
1272 1125 1495 1165 evocare,
1529 1109 1624 1156 hoc
1646 1108 1733 1156 ad-

292 1196 574 1231 se·evocare
597 1184 811 1233 denotet.

293 1278 350 1328 V.
375 1275 473 1331 316.
512 1289 655 1342 Φιλοι,
691 1291 834 1333 παλαι
862 1308 944 1341 μεν
973 1306 1160 1344 τηκομαι
1190 1285 1260 1335 δια
1289 1308 1369 1344 της
1398 1294 1531 1344 ο·ιιής4

506 1366 637 1418 Υμων
666 1362 909 1421 ὑπακουων,
946 1371 1039 1412 αλλ
1068 1386 1153 1428 ουχ
1182 1364 1270 1415 ὄιος
1298 1386 1331 1411 τ
1361 1387 1430 1419 ειμ
1461 1360 1600 1429 ᾳδειν]
1627 1423 1636 1426 q

293 1453 652 1522 Interpretatur
675 1459 882 1509 Florens
906 1460 1241 1519 Christianus3

425 1545 535 1594 Diu
559 1553 645 1604 est,
683 1546 847 1605 amici,
885 1563 998 1595 cum
1013 1564 1108 1611 per
1131 1547 1234 1596 Izaec
1243 1548 1507 1615 foramina

438 1624 529 1673 Vos
551 1625 762 1674 audiens
786 1624 996 1683 tabesco,
1031 1641 1121 1674 nec
1138 1633 1256 1689 pote
1278 1633 1336 1674 ut
1358 1643 1554 1675 canam.

291 1713 436 1762 Unde
460 1719 650 1761 constat
674 1729 784 1761 eum
806 1729 997 1761 versum
1033 1713 1238 1761 alterum
1274 1730 1373 1762 non
1411 1731 1550 1763 secus
1586 1720 1734 1778 atque

282 1792 500 1855 ‚priorem
524 1791 767 1839 senarium
791 1790 1053 1854 accepisse.
1112 1790 1308 1855 Quippe
1332 1808 1439 1839 eam
1463 1792 1555 1839 sibi
1574 1791 1734 1856 legem

290 1866 574 1919 servandam
611 1865 928 1931 praescripsit,
974 1872 1029 1912 ut
1070 1881 1289 1930 quosque
1334 1865 1522 1914 Comici
1567 1881 1735 1915 versus

290 1943 478 2001 eodem,
518 1950 664 2006 prout
698 1943 791 2007 ipsi
832 1943 1094 1999 videretur,
1135 1942 1276 1990 metri
1306 1958 1491 2007 genere
1514 1942 1731 2006 donaret.

290 2018 442 2082 Atqui
476 2019 631 2066 bellus
667 2019 758 2066 iste
798 2018 1019 2066 senarius
1047 2023 1274 2079 quartum
1295 2018 1470 2079 pedem
1491 2017 1568 2065 vel
1591 2034 1735 2081 spon-

290 2094 450 2152 deum,
474 2095 550 2143 vel
571 2094 936 2150 trochaeum;.¹⁵²
973 2100 1161 2140 sextum
1197 2108 1295 2140 non
1336 2092 1428 2140 nisi
1465 2095 1734 2158 spondeum

150 2179 255 2241 <²67
291 2169 507 2235 praefert.
592 2169 671 2218 De
717 2169 961 2217 sententia
1005 2184 1137 2216 nunc
1183 2168 1506 2233 dispiciamus.
1586 2172 1615 2202 *
1638 2171 1736 2232 Qui

350 2307 441 2342 151.
478 2308 501 2326 “
523 2303 700 2352 probante
734 2299 770 2339 V
769 2300 984 2339 alclcenoerio
1041 2301 1126 2339 Col.
1161 2299 1255 2340 664.
1280 2298 1282 2300 ’
1299 2302 1337 2339 in
1373 2303 1521 2349 Trans,
1569 2317 1606 2353 p.
1647 2309 1735 2350 194.

295 2369 343 2407 ad
351 2367 732 2407 Theocrit.Adoniaz.
745 2369 809 2405 43.
825 2366 986 2416 p.353.''
1042 2365 1103 2403 Sic
1122 2367 1169 2403 ad
1185 2366 1343 2404 Thesm.
1362 2365 1455 2406 603.
1475 2373 1500 2391 “
1518 2368 1561 2405 L.
1575 2365 1736 2407 ταῦτα’·

293 2432 344 2472 R.
363 2432 409 2472 P.
439 2432 729 2474 “1.ἐκκαλεῒν.”
757 2431 807 2469 R.
827 2431 875 2468 Β.
1040 2433 1133 2473 775.
1179 2430 1239 2468 ed.
1273 2429 1427 2468 Kuster.
1485 2431 1662 2468 trochaeus
1696 2431 1735 2468 in

348 2499 437 2535 152.
467 2495 564 2532 Vide
591 2494 687 2532 infra
722 2507 757 2544 p.
776 2491 868 2532 346.
908 2495 984 2531 Av.
1042 2500 1177 2545 quarta
1200 2494 1308 2532 sede:
1341 2500 1368 2519 “
1385 2495 1494 2545 Lege,
1523 2494 1672 2532 τίνόῧν
1687 2495 1734 2534 ἄν
1795 2498 1798 2501 ’

220 2603 228 2608 ,
295 2559 410 2600 1626.
447 2560 636 2611 spondaeus
663 2560 700 2596 in
735 2564 870 2609 quarta
900 2559 985 2596 sede
1038 2557 1215 2606 ἄγγελον,
1249 2559 1345 2608 quod
1375 2558 1538 2608 postulat
1562 2559 1736 2608 πέμψαι-

289 2627 476 2665 obnitente
507 2632 638 2663 metro.
694 2628 719 2647 ‘⁴
743 2623 855 2674 Lege,
885 2630 985 2661 tran·
1037 2639 1116 2670 μαι,
1149 2623 1317 2674 quodque
1342 2622 1480 2661 excidit
1511 2628 1660 2673 propter
1678 2623 1735 2670 ‘si-

291 2691 410 2746 posito
437 2689 493 2738 γὲ,
539 2687 696 2727 Τούτοις
734 2687 864 2736 ἔγωγε.
916 2687 985 2726 τόν
1039 2687 1168 2725 milem
1187 2689 1370 2738 proximae
1386 2686 1545 2738 syllaba:
1565 2689 1733 2726 sonum.”

290 2755 513 2809 Τριβαλλόν
530 2755 588 2794 νῦμ
606 2752 707 2806 ἔρον.
741 2752 791 2791 R.
808 2754 853 2791 P.
884 2753 983 2803 apud
1039 2751 1089 2789 R.
1103 2752 1151 2790 P.
1171 2753 1270 2803 apud
1289 2753 1337 2792 P.
1353 2751 1399 2791 P.
1412 2751 1487 2796 D.;
1518 2751 1602 2790 vide
1619 2756 1732 2805 supra

292 2820 338 2858 P.
361 2820 405 2858 P.
427 2820 481 2858 D.
527 2829 638 2869 quem
677 2817 761 2855 vide
803 2819 850 2855 ad
893 2818 983 2855 OEd.
1036 2815 1084 2853 ad
1100 2827 1140 2866 p.
1161 2821 1252 2854 441.
