1864 3132
857 155 935 262 ὥ,

170 317 315 387 Pyth.
343 337 375 369 1.
420 330 514 374 147.
742 337 746 343 ·

782 324 992 384 Alpe-oum

549 401 662 462 Πὰρ
682 408 765 451 μεν
794 399 1038 450 Σαλαμινος
1067 397 1290 452 Αθηναιων
1316 406 1448 458 χάριν

550 476 742 522 Μισθον·
779 492 824 520 εν
850 477 1044 536 Σπαρτᾳ
1073 469 1147 518 335
1175 470 1304 536 spem]

168 564 378 620 Monent
417 570 566 620 Editt.
610 563 804 619 U'xonn.
854 570 969 618 satis
1004 585 1246 634 superque
1281 568 1443 617 securi·
1472 570 1518 617 αἱ
1550 569 1602 617 in

164 647 313 694 verbo
347 648 542 712 αἱρεομαι
577 663 681 695 esse
715 639 913 695 Brevem
945 645 1191 711 syllabam.
1263 645 1420 705 Quod*
1439 651 1606 693 tamen

163 723 202 769 si
226 738 302 770 res
325 738 430 770 esse
450 730 629 787 posset,
667 724 726 770 de
767 722 976 770 metricis
1011 721 1157 785 plane
1190 720 1382 786 legibus
1413 720 1603 768 concla-

163 805 344 845 matum
381 798 520 846 foret.

160 875 300 922 istam
336 875 496 923 brevis
530 875 689 923 lo'cum
729 891 983 939 occupare.

591 798 759 846 Nimis
786 798 1007 862 profecto
1043 803 1230 845 certum
1265 803 1338 844 est
1371 796 1603 861 syllabam

1054 877 1219 939 Atque
1258 874 1372 922 huic
1408 874 1604 938 quidem

157 951 466 1000 incommodo
490 958 544 999 ut
566 953 919 1010 subveniretur,
957 951 1231 1000 Schmidius
1263 952 1388 1018 legit
1409 952 1605 1006 ἑλεομαι.

161 1025 342 1074 Verum
388 1028 481 1075 hoc
522 1035 667 1092 pacto
711 1029 787 1076 vir
829 1029 1046 1076 eruditus
1091 1044 1190 1076 non
1227 1028 1331 1076 sine
1369 1026 1605 1075 sermonis

945 1103 1079 1152 Nam
1103 1105 1313 1151 verbum·
1341 1104 1477 1150 istud
1504 1118 1604 1151 non
1646 1146 1653 1153 .

160 1101 411 1165 dispendio
433 1102 594 1151 versui
618 1104 874 1151 consuluit.

157 1198 255 1239 tam
270 1192 497 1240 Graecum
517 1199 591 1240 est
610 1203 755 1258 quam
773 1172 1111 1260 Scythi'ssumss‘f
1169 1190 1254 1240 Tu
1271 1197 1386 1240 vero
1405 1191 1605 1240 Pindari

155 1311 267 1360 paule
285 1313 461 1350 remotius
480 1326 504 1350 a
518 1309 666 1364 reliquis
680 1314 802 1364 posita
812 1314 851 1351 in

156 1386 370 1429 praenomen
384 1366 547 1414 faerriinae
557 1390 581 1414 a
592 1377 693 1415 Julia
705 1376 852 1415 familia

159 1439 350 1489 migravit.
415 1440 604 1484 Juv.,Sat.
625 1453 688 1488 vl,
726 1444 792 1487 53,
811 1445 849 1479 4.

158 1505 207 1541 ad
224 1504 323 1541 hanc
343 1504 595 1543 Horatianam
624 1506 847 1543 IBERINEN

159 1568 365 1617 respexisse
401 1568 557 1606 videtur.
622 1568 777 1606 Withof.
813 1568 853 1604 in

158 1634 264 1682 Spec.
283 1633 467 1671 Gunther.
486 1646 548 1683 pp.
572 1636 635 1679 51,
654 1638 692 1671 2.
722 1633 853 1670 Carm-

158 1710 189 1745 1,
209 1711 302 1744 xxv,
321 1702 386 1735 20.
428 1697 531 1735 Ebro
549 1710 615 1746 pro
634 1696 738 1734 Euro
757 1702 854 1746 p'rae-

154 1761 242 1797 bent
257 1759 423 1797 nonnulli
440 1760 584 1798 codices
598 1775 609 1805 ;
639 1754 746 1810 Virg.
758 1760 851 1797 Buc.

159 1836 211 1871 11,
234 1828 296 1862 15.
334 1825 544 1863 Su‘mva
567 1824 654 1862 MS.
675 1823 852 1874 antiquis-

152 1888 295 1927 simus:
325 1895 350 1912 ‘⁴
368 1889 511 1927 Bmu'r
538 1901 605 1937 pro
625 1888 786 1934 me,
815 1892 852 1925 et

156 1951 367 1989 ΒῙΤΤΑΤΙΒ
404 1960 473 2001 pro
505 1946 722 2006 Vir'rAfis
748 1950 852 1988 exhi-

152 2017 242 2054 bent
276 2015 427 2054 tabellae
466 2016 727 2065 incorruptae?
759 2021 852 2053 teste

156 2078 409 2117 Giovenazzio
440 2079 491 2116 ad
521 2078 620 2116 Livii
644 2078 781 2128 fragm.
807 2077 852 2115 P.

159 2152 250 2182 LIV.
298 2145 332 2182 B
362 2144 515 2182 subinde
545 2157 570 2181 a
599 2140 853 2181 contubernali

153 2215 220 2246 suo
243 2205 426 2254 dissiluit3
471 2208 549 2247 Tul.
581 2207 747 2245 Frontin.
773 2207 854 2244 Ou⁴

154 2271 345 2320 dendorpii
365 2283 417 2316 11,
429 2277 467 2318 ν’,
484 2276 546 2316 19.
565 2284 602 2320 p.
617 2269 708 2315 269.
726 2277 750 2294 “
763 2271 851 2308 bello

149 2334 293 2384 petitus
316 2335 364 2371 ab
391 2334 507 2371 Ardie
542 2332 711 2384 Illyrio‚”
721 2357 776 2362 —
793 2333 851 2370 Ibi

152 2397 336 2447 optimam
384 2396 438 2434 H.
491 2396 530 2434 V
525 2394 631 2435 alefii·
678 2398 851 2435 emenda·

152 2463 291 2501 donem
325 2475 348 2500 a
378 2460 557 2511 Bardylie
573 2460 732 2510 Illyrico*
753 2469 850 2511 prae-

904 1313 1015 1351 davit·
1028 1313 1075 1351 R.
1088 1313 1133 1350 B.
1153 1307 1196 1350 v'
1209 1317 1247 1351 et
1268 1303 1327 1359 133
1356 1313 1482 1352 manti
1498 1305 1604 1352 Pers.

906 1392 957 1426 11,
975 1391 1016 1426 v,
1035 1383 1099 1417 21.
1129 1378 1312 1416 Dominus·
1323 1390 1378 1415 me
1391 1378 1498 1416 vobis
1512 1390 1606 1415 mer-

904 1449 1026 1480 catum
1045 1443 1234 1480 Eretriam
1260 1443 1361 1479 misit
1376 1456 1389 1478 :
1425 1443 1530 1479 boves
1548 1454 1605 1479 re-

904 1511 1105 1555 posuerunt
1118 1506 1212 1543 VV.
1235 1506 1328 1543 DD.
1354 1505 1502 1542 Addere
1514 1505 1606 1542 libet

907 1573 935 1591 “
953 1575 984 1620 φ
1013 1568 1269 1606 Macedonum
1315 1567 1445 1617 lingua
1487 1567 1604 1617 vulgo

909 1630 1047 1668 mutan'
1085 1630 1124 1666 in
1162 1630 1194 1666 B
1229 1629 1348 1667 solere
1369 1644 1376 1667 :
1423 1629 1478 1667 ita
1520 1630 1604 1668 loco

906 1694 1056 1745 κεφαλή
1090 1693 1216 1743 κεβλῆ
1257 1693 1447 1730 dicebatur
1465 1707 1476 1737 ;
1521 1691 1604 1729 loco

907 1756 1093 1794 Φίλιππος
1147 1755 1343 1802 Βίλιππος,
1403 1754 1603 1807 Φαλακρός·

907 1819 1118 1872 Βαλακρός,
1187 1820 1362 1873 Φερενίκη
1412 1819 1602 1872 Βερενίκη.

906 1883 955 1921 R.
965 1883 1019 1921 -B.
1055 1884 1100 1921 de
1134 1884 1442 1922 Pseudo-socrat.
1481 1883 1602 1932 Epist.

904 1959 941 1996 p.
963 1951 1092 1984 105:
1107 1951 1171 1990 73.
1223 1947 1385 1996 Lennep.
1424 1946 1600 1998 φουάδδει

904 2009 1080 2059 βουάδδει
1119 2010 1156 2047 V
1153 2010 1246 2048 alclc.
1281 2011 1330 2047 ad
1373 2010 1513 2047 Rover.
1557 2010 1600 2046 P.

908 2085 1092 2112 nxxvn.
1123 2074 1153 2112 Z
1170 2071 1238 2123 pro
1256 2075 1289 2111 B
1309 2074 1505 2111 Arcadum
1521 2079 1599 2111 est:

909 2138 956 2176 R.
973 2139 1016 2176 P.
1043 2139 1094 2175 ad
1111 2138 1181 2176 Ph.
1201 2143 1292 2185 45.;
1321 2144 1358 2177 et
1373 2139 1411 2175 D
1430 2146 1497 2188 pro
1515 2138 1548 2175 B
1563 2137 1603 2175 in

906 2205 1044 2238 vocum
1065 2200 1287 2238 Latinarum
1309 2200 1532 2250 primordiis,
1560 2205 1601 2237 ut

908 2264 1063 2302 Duilius
1075 2265 1193 2302 Bitias
1201 2280 1216 2308 ,·
1230 2265 1415 2302 Duellona
1422 2264 1576 2302 Bellona
1582 2280 1599 2308 ;

909 2330 1068 2367 Duomes
1093 2330 1245 2373 Boram,-
1279 2330 1382 2367 Dm‘s
1412 2329 1496 2377 Bis,
1527 2336 1598 2368 etc.

907 2395 979 2432 Sed
996 2395 1264 2445 ejusdemmodi
1282 2394 1413 2432 formae
1425 2404 1499 2432 non
1513 2401 1599 2433 sunt

902 2459 1014 2508 hujus
1032 2458 1223 2508 temporis,
1255 2470 1373 2508 neque
1399 2457 1493 2495 loci}
1523 2458 1599 2495 Izoec

150 2526 352 2565 terviderat
375 2525 503 2563 editor.
542 2523 592 2561 R.
613 2524 659 2562 P.
697 2521 848 2564 [fitterae
898 2524 1033 2573 putavi
1051 2522 1267 2574 colligenda,
1286 2528 1327 2559 tu
1345 2535 1493 2572 sequere
1504 2522 1601 2572 qvod

154 2590 193 2629 G
228 2597 265 2629 et
298 2591 335 2628 V
383 2590 501 2627 rarius
542 2594 848 2636 commumntur3

155 2654 310 2693 Plautus
329 2655 559 2692 Menaechm.
585 2665 656 2691 111.
706 2650 761 2691 Ut
779 2667 846 2705 ego

154 2717 247 2755 hunc
271 2725 460 2768 proteram
487 2719 622 2756 leonem
652 2717 846 2766 Getulum,

63 2810 94 2831 5,
154 2783 317 2830 olentem,
329 2782 543 2833 edentulum,
556 2780 847 2818 vetulumemem

903 2588 1012 2625 voles.
1051 2622 1056 2627 .

956 2655 1021 2690 35.
1051 2651 1220 2705 Σπάρτᾳ
1251 2651 1279 2689 δ’
1309 2649 1356 2687 αὖ
1384 2649 1476 2703 ἐρέω
1497 2642 1596 2688 Coll.

903 2717 1040 2756 Eman.
1055 2723 1095 2764 *et
1114 2715 1220 2754 Bodl.
1239 2732 1277 2763 γ.
1295 2714 1416 2769 ’ἐρέων
1434 2714 1568 2752 Boeck.

955 2779 1019 2820 36.
1067 2780 1122 2818 w?
1155 2780 1195 2818 δὲ
1228 2780 1310 2817 α’πᾶ
1347 2779 1415 2823 τῆς·
1451 2776 1596 2828 flam-pth-

1158 2854 1161 2855 ⁷
1229 2854 1254 2879 Ο

1643 1189 1703 1229 53
