1864 3132
121 1230 215 1280 199

931 214 1033 263 364

259 320 370 371 MS.
398 318 552 369 Vatic.
588 319 690 368 Pal.
726 319 1218 386 μετεγγραφησεται34
1269 319 1398 385 quod
1435 324 1485 368 et
1517 320 1693 371 exinde

260 398 494 457 firmatur,
531 397 661 463 quod
686 397 734 446 in
760 403 1002 462 sequente>
1023 413 1165 445 versu
1195 397 1433 445 habeatur
1454 418 1694 463 εγγεσγρα-

258 480 416 540 ψεται.
454 485 494 523 3.
531 476 678 525 Editt.
706 476 824 535 Ald„
851 483 900 524 et
935 476 1160 525 Wechel.
1197 483 1552 540 repraesentant
1575 481 1694 528 Οσος

256 550 519 602 ουδεπωποτ
540 557 674 611 ηλθεν
697 554 1150 620 aopows⁹⁵--Atque
1172 554 1287 601 hinc
1310 560 1476 602 natum
1505 553 1695 602 videtur

257 630 388 694 quod
409 630 556 697 vulgo
579 630 856 694 praefertur.
904 630 1102 694 Nempe
1127 637 1373 679 corrector
1395 630 1561 678 nescio
1585 628 1694 693 quis

255 712 461 755 metrum
501 707 594 755 hoe
629 714 773 772 pacto
811 707 1032 756 laborare
1068 707 1281 755 sentiens
1316 723 1406 771 pro
1429 705 1694 756 ουδεπωποτ

254 782 474 846 imperite
499 784 687 849 scripsit
709 782 912 842 ουδεποτ,
932 800 1039 832 cum
1061 799 1229 832 vocem
1247 784 1386 830 istam
1410 770 1693 847 neutiquom

253 859 573 920 sollicitatam,
599 862 684 910 sed
706 865 838 918 ηλθεν
860 862 910 908 in
932 864 1018 918 ηλθ
1041 862 1343 909 immutatum
1369 865 1648 924 oporteret:

374 965 494 1011 Οσος
527 957 787 1010 ουδεπωποτ
821 963 908 1017 ηλθ
942 963 1110 1025 ἅθροως
1144 981 1202 1009 εις
1236 982 1320 1015 την
1354 957 1557 1007 Πνυκα.ςξδ

252 1076 295 1113 4.
332 1063 513 1112 Versus
537 1064 617 1111 hic
642 1080 740 1112 non
765 1064 918 1111 solum
942 1065 1170 1112 adversus
1194 1079 1298 1129 reg.
1334 1079 1366 1110 1.
1403 1062 1476 1111 bis
1501 1067 1691 1126 peccat,

251 1142 337 1188 sed
373 1147 422 1188 et
459 1140 554 1188 alio
589 1141 732 1189 etiam
770 1141 966 1188 nomine
1007 1140 1239 1189 mendosa
1274 1146 1363 1198 est,
1408 1139 1539 1205 quod
1560 1138 1692 1188 vocis

253 1219 531 1283 *ακροπολιν
553 1218 721 1266 ultima
745 1224 982 1282 sequente
1006 1218 1161 1266 vocali
1190 1218 1501 1282 producatur.
1573 1216 1692 1265 Om-

251 1295 393 1344 nibus
415 1295 490 1346 his
514 1295 829 1343 incommodis
867 1311 967 1343 uno
1003 1295 1143 1343 simul
1176 1296 1377 1362 negotio
1400 1295 1692 1344 subvenien-

251 1372 363 1419 dum
386 1378 460 1419 est
478 1387 538 1418 ex
556 1372 781 1419 editionis
796 1371 1063 1420 Wechel.²⁷
1086 1371 1262 1434 partim
1286 1371 1417 1418 clara
1439 1371 1694 1434 scriptura,

250 1448 429 1514 partim
453 1447 730 1496 certissimis
753 1448 983 1514 vestigiis.
1046 1447 1122 1495 Ibi
1146 1448 1316 1511 utique
1339 1447 1547 1515 legitur:

318 1543 409 1586 Οτι
459 1538 729 1598 βουλομεναι
782 1561 865 1596 την
914 1544 1048 1586 πολιν
1096 1536 1211 1595 ἤμων
1255 1545 1554 1587 απεκλεισατε
1597 1558 1690 1588 τοις

451 1623 650 1682 μοχλοις.

251 1703 345 1753 Cui
379 1702 703 1768 adstipulatur
747 1703 892 1752 etiam
936 1700 1220 1752 Scholiastae
1264 1703 1555 1752 auctoritas:
1600 1706 1692 1760 Tm·

305 1831 371 1866 24.
399 1825 489 1865 Οὐδ’
504 1825 552 1867 εἷς
572 1826 729 1865 Suidas:
748 1842 943 1880 μεταγρα-
996 1838 1034 1863 ν.
1064 1824 1291 1878 ἀνεῴγεσαν.
1337 1824 1416 1874 ''Hv
1443 1823 1508 1863 οὖκ
1541 1823 1690 1877 α’νέφξο

248 1892 417 1946 ,φήσεται
463 1893 545 1931 edd.
597 1898 672 1932 tres
724 1892 940 1943 primariae3
995 1889 1148 1929 πώποτ’
1180 1890 1387 1943 ἀνθρώποις·
1431 1889 1519 1938 ἐγῶ.
1562 1887 1614 1926 R.
1637 1885 1688 1925 Ρ.

248 1962 273 1980 “
290 1972 473 2010 perere-sp.
503 1956 606 1994 Suid.
633 1955 691 1994 ed.
719 1969 790 1994 ms.
825 1953 942 1993 κατά·
996 1956 1136 1994 Αάνεε.
1166 1967 1230 2004 pp.
1251 1952 1341 1992 146.
1365 1957 1454 1993 112.
1471 1956 1568 1993 285.

249 2022 402 2071 λογος.”
431 2021 482 2059 R.
502 2021 551 2059 Ρ.
567 2021 667 2071 apud
687 2020 734 2058 P.
754 2019 800 2056 P.
820 2019 874 2057 D.
1060 2024 1125 2063 27.
1173 2025 1200 2042 ‘⁶
1232 2018 1287 2057 Ut
1332 2017 1498 2058 Wechel.
1548 2019 1690 2057 habent

302 2091 367 2126 25.
398 2086 459 2123 Sic
478 2086 581 2123 Junt.
604 2089 640 2122 1.
659 2088 696 2121 2.
996 2084 1159 2122 Plautini.
1178 2089 1216 2121 et
1229 2083 1346 2121 Basil.
1362 2087 1399 2123 2.
1416 2085 1469 2133 (et
1481 2081 1596 2122 Junt.
1617 2086 1688 2133 1.);

301 2149 366 2189 26.
402 2155 428 2173 ‘⁴
451 2143 565 2200 Lege'
595 2147 678 2195 ἦλθ’
708 2153 745 2186 et
779 2145 937 2185 οὖδεπώ·
993 2147 1103 2187 πόλιν
1121 2160 1264 2200 quoque
1285 2148 1434 2187 Schol.”
1461 2146 1513 2187 R.
1524 2147 1571 2186 P.
1589 2148 1689 2199 apud

247 2215 372 2255 vro-rm
410 2213 461 2252 R.
490 2213 563 2259 B.;
606 2213 659 2251 sie
688 2211 782 2250 Cod.
814 2211 935 2256 Rav.;
992 2212 1039 2252 P.
1065 2214 1114 2252 P.
1143 2213 1199 2252 D.
1253 2220 1290 2252 et
1328 2212 1475 2261 Trea-ts,
1521 2227 1585 2265 pp.
1623 2219 1688 2254 20.

247 2279 330 2318 vide
340 2277 778 2317 Pierson.ad11erodian.
795 2288 831 2326 p.
844 2272 937 2313 461.
992 2283 1084 2324 370,
1142 2279 1186 2318 In
1215 2278 1309 2318 Cod.
1330 2278 1424 2331 Reg.
1447 2282 1498 2318 A.
1526 2279 1624 2319 ''O-n
1639 2279 1686 2331 β.

248 2344 382 2383 Alexis
411 2343 510 2393 apud
545 2343 687 2381 Athen.
719 2353 807 2388 xn,
843 2338 936 2379 526.
992 2361 1032 2382 τ.
1067 2359 1108 2382 π,
1145 2343 1264 2382 οὕτως
1300 2344 1403 2391 ήμῶν
1427 2344 1686 2384 «ἐκκλεῖσαι-η

248 2408 295 2446 E.
324 2406 387 2445 οὐκ
416 2406 574 2452 ἐδήδοκα
603 2404 835 2451 Κάνδαυλον,
865 2402 938 2442 οὔδ’
990 2412 1167 2463 μοχλοῖς.
1181 2407 1291 2446 Conf.
1302 2405 1402 2446 R.P.
1413 2409 1563 2458 apudP.
1575 2408 1684 2447 RD.

244 2472 371 2519 ἀκήκο’
399 2469 656 2509 οὐδεπώποτε.
688 2468 871 2515 Meinelce,
899 2479 936 2517 p.
990 2472 1038 2509 ad
1085 2471 1202 2522 Vesp.
1242 2475 1335 2517 399.
1391 2471 1548 2510 Thesm.
1586 2475 1680 2517 371.

247 2542 311 2577 50.
340 2536 506 2586 Amphis
528 2547 604 2573 xv,
621 2533 714 2579 691.
743 2536 794 2573 A·
825 2533 938 2581 ’Ami‘-
991 2535 1682 2589 Eccles.1106.;etcontra,adVesp.

244 2618 332 2641 noae
364 2601 425 2647 σιῗ,
464 2600 632 2647 δέσποτ’,
672 2599 741 2647 ἤδη
774 2602 935 2639 πώποτε
994 2603 1110 2641 1522.
1139 2603 1215 2639 AV.
1235 2599 1456 2645 621.1147.
1486 2599 1682 2653 Lys.371.

243 2668 304 2706 To*
321 2669 482 2716 θυμίαμα
499 2666 644 2712 ‘rofi-reu
676 2665 845 2715 Eupolis,
871 2677 937 2710 lx,
992 2668 1278 2705 “aromaca-re
1288 2668 1449 2720 μοχλοῖς·
1462 2664 1551 2703 MS.
1564 2664 1682 2717 [Coll.

245 2736 337 2777 392.
370 2731 416 2768 Ε.
439 2729 658 2784 ”Ὀρτνγας·’
686 2729 859 2783 ἔθρεψας·
892 2730 939 2767 σύ
994 2732 1084 2771 S.S.
1101 2728 1342 2782 Trin.Cant.]
1359 2729 1385 2767 l.
1399 2735 1501 2769 τοῖσι
1519 2735 1684 2786 μοχλοῖσ

244 2811 345 2835 τινας
356 2793 425 2841 ἤδη
437 2791 615 2838 werino-rm
630 2793 770 2842 etapud
781 2793 936 2832 Suidam
992 2797 1074 2837 σμ’
1092 2795 1143 2835 R.
1165 2795 1211 2834 Β.
