1864 3132
136 1308 235 1349 322

918 218 1020 268 556

269 329 414 378 Vides
453 344 598 391 quam
635 327 860 392 imperite
897 327 969 375 vir
1008 324 1082 374 cl.
1123 324 1272 375 verba
1307 330 1406 371 tam
1452 320 1697 371 dissimilia
1748 356 1751 358 -

268 405 554 454 confuderit.
641 403 738 452 Sed
783 419 944 468 neque
989 403 1142 468 ἑωρων,
1201 402 1242 450 si
1297 402 1453 465 ipsum
1507 406 1698 463 tempus

268 490 474 547 spectes,
515 488 647 529 recte
682 497 738 528 se
775 480 936 528 habet.
1006 477 1148 528 Nihil
1186 479 1354 542 utique
1398 475 1529 524 aliud
1571 474 1700 523 valet

268 574 411 624 quam
437 559 567 622 quod
591 557 875 606 Latinorum
898 554 1015 613 vidi,
1051 554 1082 603 I
1097 571 1214 613 saw,
1250 554 1327 603 vel
1363 551 1394 600 Ι
1415 552 1543 601 have
1565 556 1694 600 seen:

268 634 489 684 Postulat
534 650 648 682 vero
691 633 785 681 loci
822 632 1006 680 indoles
1042 632 1241 681 verbum
1287 628 1700 694 praesens-imper-

267 710 448 759 fectum
472 709 627 756 video.
699 708 868 756 Lectio
890 707 1087 773 vulgata
1108 708 1176 754 sie
1199 711 1602 771 repraesentatur:

334 805 393 850 Ως
417 822 466 846 ου
488 801 673 862 καθορω.
712 802 844 860 Παρα
866 819 946 852 την
968 794 1148 844 εισοδον.
1186 792 1284 851 Ηδη
1309 817 1378 844 νυν
1398 801 1522 852 μολις
1546 791 1650 856 ὄρω.

268 885 380 947 Quo
416 891 559 950 pacto
598 886 648 932 in
687 899 852 932 versus
888 881 985 930 fine
1018 899 1104 947 pes
1137 884 1330 948 integer
1353 879 1532 930 deest(
1571 877 1710 949 Eum·

267 971 431 1012 autem
455 979 517 1011 ex
539 967 774 1026 sequente
797 966 871 1007 sat
893 961 1144 1008 commode
1172 959 1499 1023 suppleveris:

270 1138 347 1186 Ibi
370 1100 539 1208 fifi‘lllss
559 1137 740 1209 legitur
760 1155 770 1186 ε

794 1044 890 1103 Ηδη
924 1069 995 1112 νυν
1026 1055 1152 1106 μολις
1183 1047 1270 1112 ὁρω
1304 1056 1506 1095 ΑΥΤΑΣ.

515 1219 609 1262 Νυν
641 1235 702 1276 ’γε
735 1235 807 1260 τοι
840 1203 924 1269 ηδη,
952 1200 1138 1276 καθὸρᾳς
1172 1211 1434 1259 Α’ΥΤΑΣ-

271 1300 491 1348 *Versus
514 1300 707 1364 quidem
730 1299 798 1346 ita
820 1298 1104 1345 emendatus
1127 1314 1226 1345 non
1247 1292 1323 1346 ‘est
1343 1299 1472 1346 inter
1495 1298 1709 1358 maxime,

270 1391 567 1425 numerosos.
598 1384 600 1387 ’
639 1371 736 1422 Sed
760 1382 833 1423 est
855 1380 1018 1421 tamen
1039 1373 1298 1439 legitimus.

1371 1373 1503 1434 Quin
1534 1380 1585 1422 et
1612 1373 1704 1438 ipsi

267 1453 386 1501 huic
410 1451 641 1516 quicquid
659 1448 732 1499 'est
748 1447 1037 1498 incommodi
1055 1457 1240 1498 mutato
1256 1451 1513 1499 verborum
1533 1449 1703 1499 ordine

263 1530 517 1578 :subveniri
546 1528 726 1592 poterit
746 1549 756 1578 ε

319 1723 419 1763 ⁴2¹70.
448 1723 471 1741 ⁴‘
486 1717 562 1756 Sed
579 1717 670 1755 illud
689 1715 806 1754 αὖτοῖς
822 1715 963 1754 incom-

274 1780 383 1818 mode
415 1779 573 1827 additur,
610 1779 699 1817 dum
730 1779 811 1815 haec
847 1778 963 1815 verba

277 1842 507 1892 Strepsiades
535 1841 708 1891 loquitur,
740 1841 802 1891 qui
832 1853 962 1878 versus

273 1904 377 1943 initio
400 1918 473 1959 non
486 1905 687 1943 addiderit.
731 1905 964 1954 Superscrip-

274 1974 357 2008 tum
388 1983 455 2020 pro
479 1969 782 2019 >interpretatione
817 1970 855 2006 in
890 1982 962 2006 uno

277 2033 366 2071 MS.
385 2034 485 2079 vidi3
514 2034 552 2071 in
566 2039 671 2072 textu
685 2034 833 2084 quidem
851 2034 966 2071 habet

278 2098 367 2136 MS.
388 2098 602 2145 Ravennas,
632 2099 696 2135 sed
718 2099 815 2135 idem
834 2105 965 2135 contra

277 2173 427 2199 sensum
445 2162 522 2213 ὁρῶ
534 2160 690 2198 omittit.
721 2160 832 2204 Quod
850 2159 964 2196 habet

280 2223 397 2261 MSS.
431 2222 505 2260 fere
539 2223 692 2260 dimidia
725 2235 826 2272 pars,
860 2223 963 2276 α’θρῶ

277 2289 437 2338 probant
456 2288 638 2325 Kusterus
657 2294 694 2326 et
716 2288 800 2334 alii3
827 2288 866 2325 in
884 2295 965 2326 tex·

279 2360 361 2392 tum
401 2353 525 2391 intulit
561 2354 782 2400 Brunckius,
829 2354 964 2408 διαθριό

281 2417 351 2455 νυνὶ
366 2416 470 2463 μόλις·
491 2416 604 2461 ”Hem
646 2417 718 2454 Sed
732 2417 876 2455 felicius
893 2419 964 2456 hoc

281 2479 528 2529 compositum
557 2479 716 2517 restituit
748 2480 966 2532 [Kusterus]

281 2546 437 2583 Thesm.
467 2542 561 2581 665.
618 2544 803 2581 Praeterea
848 2551 966 2583 metro

282 2614 433 2648 coactus
449 2606 583 2646 ἔσοδον
601 2608 739 2655 scribit,
763 2609 859 2658 quod
877 2622 968 2646 nun·

283 2687 398 2726 quam
426 2672 523 2722 apud
553 2672 741 2718 Comicus,
779 2680 820 2710 ut
854 2686 968 2725 neque

271 2739 482 2790 “quicquam
524 2737 624 2774 aliud
668 2749 802 2775 nomen
847 2740 895 2776 ab
935 2739 969 2778 ἐς·

285 2802 532 2852 compositum
550 2801 737 2850 reperitur,
767 2803 970 2842 Rarissime

845 1604 944 1663 HBn
978 1607 1065 1672 ὁρω
1104 1629 1173 1656 νυν
1206 1608 1328 1665 noxae
1361 1607 1530 1659 avi-as?

1532 1606 1640 1638 70.

1015 1715 1179 1764 omnino,
1194 1721 1230 1754 et
1244 1729 1384 1764 vereor,
1395 1729 1441 1754 ne
1457 1710 1496 1755 in
1513 1716 1604 1755 locis
1621 1721 1705 1770 ten-

1015 1788 1097 1819 tum
1127 1782 1326 1829 mendosis,
1355 1782 1390 1821 ἐς·
1419 1787 1505 1820 ante
1531 1781 1703 1820 vocalem

1015 1854 1207 1897 usurpant.
1264 1849 1319 1886 At
1341 1847 1446 1896 μόλις
1467 1848 1585 1902 α’θρό,
1609 1859 1705 1897 prae-

1015 1919 1184 1963 terquam
1217 1913 1314 1963 quod
1349 1914 1499 1951 licenter
1542 1912 1704 1962 priorem

1001 1977 1197 2029 :produ-tit,
1243 1990 1329 2014 cum
1366 1976 1538 2014 Dawesio
1575 1974 1706 2024 opinor

1016 2053 1089 2077 non
1122 2040 1193 2077 dici
1225 2053 1331 2089 posse
1348 2053 1435 2089 ‘pro
1471 2039 1577 2087 μόλις·
1614 2039 1705 2093 όρό.

1016 2103 1206 2142 Bentleius
1224 2111 1352 2142 contra
1369 2110 1552 2155 tempora,
1581 2105 1613 2144 si
1631 2117 1706 2143 non

1016 2173 1146 2205 contra
1189 2173 1363 2215 metrum,
1413 2168 1547 2222 ἑώρων.
1604 2168 1706 2213 Quid

1015 2230 1127 2279 igitur
1184 2230 1256 2267 hoc
1308 2243 1418 2268 versu
1473 2230 1707 2269 faciendum?

1019 2293 1147 2330 Primo
1164 2293 1288 2331 varias
1309 2293 1483 2331 lectiones
1501 2294 1708 2333 videamus.

1021 2357 1126 2395 Olim
1152 2358 1316 2408 vulgatae
1343 2358 1533 2406 editiones,
1562 2358 1631 2405 ἤδη
1650 2360 1708 2397 νῦν

1017 2421 1122 2467 μόλις·
1141 2421 1228 2474 ὁρῶ.
1257 2419 1377 2458 MSS.
1396 2420 1546 2471 quidam
1564 2433 1632 2470 pro
1650 2422 1708 2459 n'a'v

1020 2483 1158 2523 habent
1176 2485 1234 2522 νῦν
1252 2485 1323 2531 καὶ,
1338 2483 1401 2521 alii
1418 2483 1501 2531 mvl,
1518 2484 1556 2521 in
1575 2485 1707 2535 quibus

1021 2555 1190 2599 quatuor,
1209 2560 1300 2598 quos
1315 2547 1393 2598 ipse
1409 2547 1553 2596 inspexi
1564 2563 1576 2594 ;
1602 2547 1710 2602 α’θρό

1022 2626 1089 2664 pro
1117 2613 1194 2666 ὁρῶ
1223 2612 1354 2659 multi;
1385 2617 1536 2662 utroque
1569 2613 1708 2652 omisso

1025 2679 1240 2725 Ravennam,
1267 2678 1336 2724 ἤδη
1360 2676 1432 2715 ’νυνὶ
1457 2676 1561 2724 μόλις·
1578 2676 1709 2716 aii-nie.

1000 2755 1003 2758 ⁴
1026 2741 1220 2791 Equidem,
1267 2741 1298 2778 si
1342 2740 1421 2791 quis
1460 2753 1508 2778 ex
1541 2741 1707 2779 dissensu

1026 2805 1208 2845 Codicum
1226 2811 1368 2857 arguat,
1380 2805 1479 2845 hunc
1493 2805 1616 2845 locum
1623 2805 1707 2856 jem
