1864 3132
839 190 941 239 409

158 297 450 366 Hujusmodi
473 313 589 354 vero
611 311 750 345 usum
773 295 980 346 aoristus
1010 293 1195 360 primus
1214 290 1295 342 vel
1316 290 1502 341 activus
1525 288 1602 340 vel

160 377 347 428 medius
370 392 608 442 nusquam
631 379 765 423 recte
788 373 1001 422 sortitur.

162 463 220 511 V.
244 474 345 518 992.
385 461 490 522 Μηδ
515 486 572 516 εις
601 458 895 527 ορχηστριδος
924 482 1116 519 εισιεναι,
1148 461 1215 508 ‘wa
1241 483 1302 517 μη
1324 479 1432 524 προς
1453 479 1603 507 ταυτα

241 593 244 595 Α
472 534 726 611 .κεχηνὼς.]
780 557 785 561 ·

146 636 196 675 -“
219 630 406 679 Locum
449 631 582 679 hunc
638 630 755 678 citat
810 628 984 677 Suidas
1031 628 1089 677 V.
1147 632 1486 698 Αποθραυσθῃς,
1545 627 1602 676 V.

163 714 196 733 “
218 712 453 774 Axmeffib
493 715 542 756 et
575 707 646 755 V.
676 710 951 764 Εισαττειν;’
976 706 1060 754 ubi
1094 721 1183 769 pro
1216 729 1391 757 εισιεναι
1425 705 1607 773 legitur

163 789 197 810 “
218 804 467 835 εισαττεινε
508 801 618 850 quae
653 784 903 833 diversitas
943 784 1158 831 notanda
1197 791 1284 833 est.
1356 785 1508 834 Forte
1550 806 1608 834 το

101 854 105 859 ”
165 869 197 889 “
221 886 400 913 eto-aevae
423 871 498 913 est
520 863 768 921 Scholium
792 882 875 911 του
909 884 1149 922 eto-arreti),
1193 870 1248 911 ut
1282 864 1414 912 vocis
1449 864 1607 912 minus

165 945 198 966 “
221 948 367 999 notae,
403 956 497 989 nec
512 947 662 1004 'aeque
686 938 983 1003 frequentis:
1021 940 1151 1004 quod
1175 947 1362 1004 postea,
1398 948 1453 989 ut
1478 956 1608 1005 saepe

166 1020 200 1044 “
224 1018 329 1067 fieri
353 1019 489 1077 solet,
516 1035 577 1067 ex
599 1018 821 1084 margine
846 1017 895 1065 in
919 1012 1105 1065 textum
1130 1017 1395 1082 irrepserit.
1465 1016 1611 1081 Apud

167 1100 201 1120 “
224 1096 432 1144 eundem
456 1103 620 1144 tamen
646 1095 844 1143 Suidam
863 1094 921 1142 V.
943 1100 1090 1157 Μηλῳ
1111 1095 1312 1155 βληθεις,
1338 1094 1421 1144 ubi
1443 1095 1610 1143 itidem

167 1178 201 1198 “
222 1173 356 1222 locus
374 1173 452 1221 hic
472 1173 662 1231 citatur,
686 1172 895 1220 habetur
911 1191 1114 1221 εισιεναιε
1154 1172 1285 1235 quod
1308 1178 1472 1220 tamen
1496 1186 1612 1219 con-

169 1256 202 1276 “
215 1251 598 1317 jecturam'ante
627 1250 804 1298 dictam
829 1256 1050 1298 evertere
1073 1249 1292 1314 nequit.”
1345 1246 1640 1314 Kuste‘rus.m

170 1326 357 1385 Virum,
414 1334 469 1375 ut
502 1328 710 1389 videtur,
756 1327 1083 1374 doctissimum
1135 1324 1306 1374 fefellit
1361 1324 1612 1390 vulgatum

170 1426 350 1453 εισιεναι
374 1403 532 1451 Musis
555 1405 715 1452 invitis
739 1403 1055 1461 circumferri,
1079 1403 1263 1466 quippe
1286 1401 1424 1467 cujus
1444 1402 1615 1450 ultima

172 1487 407 1546 sequente
431 1481 584 1528 vocali
622 1479 875 1543 (quicquid
910 1480 1102 1527 demum
1127 1494 1369 1543 nugarum
1392 1479 1453 1527 de
1476 1478 1613 1542 diph-

174 1556 372 1622 thongis
412 1555 632 1604 nonnulli
671 1553 1118 1614 comminiscantur)
1151 1552 1356 1617 produci
1385 1560 1610 1618 nequeat.

177 1634 398 1683 Alterum
417 1650 447 1680 a
466 1633 615 1680 Suida
638 1639 713 1679 ter
736 1631 981 1679 laudatum
999 1651 1227 1680 εισαττειν
1250 1637 1404 1678 metro
1423 1630 1616 1693 quidem

179 1728 323 1777 quam
346 1711 590 1775 aptissime
614 1709 856 1775 congruit,
883 1709 967 1755 sed
985 1707 1102 1755 illud
1118 1708 1169 1755 ¹in
1192 1724 1244 1755 se
1266 1707 1414 1755 habet
1434 1707 1619 1755 incom-

180 1789 324 1845 modi,
349 1788 478 1852 quod
501 1803 599 1835 non
622 1792 721 1833 tam
746 1785 807 1832 sit
827 1800 926 1832 vox
948 1782 1115 1831 minus
1135 1789 1271 1840 nota,
1306 1798 1463 1847 neque
1484 1796 1622 1847 oeque

163 1869 425 1935 frequens,
463 1882 607 1930 quam
631 1866 776 1930 plane
800 1863 952 1912 nihili.
1024 1861 1175 1927 Atqui
1211 1861 1340 1910 bene
1374 1867 1539 1908 tamen
1561 1859 1623 1907 sit

180 1945 361 2002 Suidae,
397 1944 479 2008 qui
503 1944 630 1991 hanc
665 1949 914 2006 utcunque
945 1940 1083 1988 nihili
1115 1956 1284 1989 vocem
1318 1940 1381 1988 ad
1414 1941 1624 1989 *nostra
1646 1943 1737 1984 231

182 2035 338 2085 usque
382 2026 601 2082 tempora
645 2011 1001 2083 propagaverit.
1096 2016 1296 2079 Absque
1352 2031 1412 2063 eo
1454 2016 1624 2081 utique

176 2102 325 2153 esset,
370 2111 619 2160 germanae
664 2094 809 2158 hujus
866 2092 960 2140 loci
1004 2092 1255 2155 scripturae
1300 2091 1626 2140 instaurandae

186 2189 249 2221 ne
288 2189 399 2237 spes
438 2173 632 2237 quidem
672 2172 1044 2234 relinqueretur.
1118 2169 1193 2217 Ea
1231 2185 1348 2217 vero
1389 2185 1450 2217 ex
1488 2169 1627 2218 verbi

187 2273 409 2299 εισαττειν
441 2251 657 2315 vestigiis
690 2250 957 2304 certissima
990 2248 1330 2296 emendatione
1354 2248 1628 2314 colligenda

187 2335 276 2385 est,
316 2327 464 2390 idque
494 2326 635 2382 unius
669 2326 906 2373 duntaxat
939 2324 1014 2373 vel
1043 2324 1248 2374 literulae
1283 2325 1627 2381 additamento,

187 2425 439 2460 εισαιττειν,
492 2401 569 2450 vel
613 2401 758 2448 etiam
802 2400 994 2448 lineolae
1038 2399 1140 2447 sive
1184 2400 1372 2462 puncti,
1426 2415 1536 2464 quae
1581 2405 1631 2446 et

188 2482 409 2532 usitatior
431 2487 504 2529 est
537 2479 780 2527 scribendi
813 2479 952 2536 ratio,
986 2478 1267 2540 ειστέιτννεινῖ6
1334 2478 1443 2526 Hoc
1466 2486 1630 2526 autem

191 2561 391 2608 verbum
415 2557 545 2622 apud
568 2556 754 2604 Atticos
778 2555 924 2622 juxta
956 2554 1230 2620 analogiam
1255 2554 1631 2618 quam-maxime

263 2668 328 2714 76.
374 2669 566 2721 εἰσᾴττειν
613 2667 706 2704 Cod.
753 2666 883 2712 Rav.;
939 2666 1187 2716 superscripto
1234 2667 1403 2705 εαυτον.”
1458 2664 1633 2715 Burgess.

191 2740 216 2758 ‘⁴
236 2734 325 2771 MS.
360 2738 424 2771 43.
472 2746 632 2779 εισαγειν
666 2730 885 2780 superscrip.
940 2734 1102 2778 εἰσαγειν
1119 2730 1276 2768 Codices
1310 2729 1468 2776 Arund„
1501 2729 1632 2776 Dorv.‚

194 2799 452 2851 εισερχεσθαι.
484 2797 571 2835 MS.
606 2799 695 2839 127.
728 2809 887 2842 εισαγειν
941 2807 1046 2834 unus.
1069 2796 1206 2847 Regius
1235 2795 1334 2845 apud
1364 2794 1440 2839 Br„
1470 2799 1506 2831 et
1532 2805 1632 2831 suus.
