1864 3132
280 197 361 238 608
559 213 775 242 AnnENnA
808 215 859 243 m·
890 211 1184 246 CORRIGENDA
1217 220 1276 247 An
1306 220 1458 248 noras.

285 296 371 337 163.
400 300 468 337 col.
492 303 526 336 1.
555 302 581 339 l.
602 305 639 339 8.
668 303 898 352 conspirante,
926 304 979 343 D.
996 305 1045 344 R.
1072 306 1111 344 in
1139 307 1248 345 Praef.
1276 309 1323 346 ad
1348 307 1542 346 Homerid.
1570 308 1704 360 hymn.

323 378 327 383 ·
387 363 425 401 in
443 363 528 403 Cer.
557 366 601 404 P.
619 380 679 406 XI.

284 425 371 466 166.
399 428 467 466 col.
489 434 525 466 1.
555 430 579 467 l.
598 429 663 470 20.
704 437 730 456 “
752 433 1032 473 Brunckium?”
1074 436 1162 485 dele,
1191 442 1214 461 ‘⁴
1232 450 1314 488 quae
1346 451 1439 477 sana
1469 438 1578 478 lectio
1599 444 1655 478 est
1669 441 1707 487 ;”

386 497 424 530 et
441 492 571 542 insere,
591 500 614 518 “
628 495 691 534 οὐκ
710 495 766 537 ἔτ’
782 495 864 537 ’ἐστ’
882 499 1010 537 dextre
1028 500 1212 539 Por-sonus
1224 516 1239 545 ;
1268 502 1331 539 sed
1350 502 1546 553 legendum
1563 516 1610 541 ex
1629 503 1707 542 Ra-
1739 551 1741 553 Ι

386 561 557 605 vennam,
586 558 648 596 οὐκ
668 559 763 607 ἔστ’,
786 560 862 598 οὕκ’
891 561 1066 602 ἐπεὶ-Γ
1097 564 1140 602 P.
1159 564 1206 602 Ρ.
1226 565 1279 602 D.
1306 567 1353 603 ad
1384 566 1410 604 l.
1442 567 1635 617 Euripides
1665 567 1705 606 in

387 619 525 659 Danaa
536 636 547 667 3
584 623 662 660 Τόν
680 625 711 662 θ’
729 623 771 661 ὂν
788 625 964 663 καλοῦσιν
988 625 1101 679 αἰθέρ’
1125 627 1163 666 ὅς
1182 627 1217 666 τ’
1233 627 1279 665 ἄν
1295 628 1381 667 ἐστι
1400 628 1454 675 δή.
1493 629 1600 670 ὅστις
1617 631 1703 670 ἐστι

385 683 431 732 δή
446 685 622 725 reformat
649 687 699 726 R.
714 688 762 726 P.
793 689 829 726 in
849 690 989 728 Advss.
1024 704 1060 740 p.
1081 694 1171 730 225.
1202 698 1238 729 et
1261 693 1308 730 ad
1330 693 1416 731 Pac.
1439 698 1554 734 1302.
1592 708 1703 746 quem

384 751 482 790 conf.
500 753 547 790 ad
567 753 668 791 Nub.
687 753 778 798 647.
807 756 834 792 l.
852 759 916 793 21.
942 755 1091 805 roefinge,
1121 757 1196 794 Av.
1220 754 1336 802 1069.
1377 757 1456 808 lege
1483 770 1530 796 ex
1555 759 1707 798 Raven-

335 811 337 813 ’
385 821 586 864 nate,—-et
613 817 690 855 dele
717 819 741 856 l.
762 831 847 868 pen.
875 823 911 856 et
935 818 999 856 ult.
1029 823 1054 842 ‘⁴
1074 820 1445 859 sed—describam.”
1471 823 1540 860 col.
1559 828 1596 862 2.
1623 824 1647 862 l.
1666 828 1703 862 4.
1761 818 1770 831 ⁶

386 892 480 918 corr.
497 897 543 928 με
561 881 772 930 τιμήσουσι.
1740 940 1745 944 ,

283 942 370 989 167.
398 945 466 984 col.
489 951 521 983 1.
550 949 575 984 l.
597 952 633 984 1.
660 952 684 970 “
703 947 761 994 v‚”
787 953 823 985 et
840 947 935 984 infra
952 948 998 985 ad
1017 962 1053 998 p.
1069 952 1159 992 573.
1187 950 1209 987 l.
1229 954 1264 988 2.
1294 953 1339 988 m‘s·
1357 951 1444 989 τούς
1463 952 1511 999 Ε,
1528 951 1571 998 F,
1586 952 1628 998 1;
1652 954 1699 990 αἶς

385 1011 472 1049 τούς
500 1024 586 1049 cum
611 1011 796 1060 interpret.
831 1013 878 1049 εἷς
905 1011 951 1057 C,
970 1013 1016 1059 Τ,
1039 1017 1076 1050 et
1097 1012 1239 1059 Dorv.;
1281 1017 1325 1053 αἷς
1357 1017 1444 1054 τούς
1473 1017 1614 1069 σοφοῦς
1644 1018 1704 1056 καὶ

385 1081 556 1127 κοσμίους
576 1078 634 1116 καὶ
653 1078 806 1116 δικαίους
825 1079 875 1115 D.
903 1079 986 1116 vide
1010 1079 1134 1117 Valck.
1153 1082 1200 1118 ad
1224 1082 1270 1118 T.
1291 1083 1398 1132 Mag.
1417 1097 1453 1133 p.
1477 1083 1564 1123 186.
1602 1084 1702 1123 Plut.

380 1147 449 1190 97.
487 1143 550 1180 Ὡς
580 1160 667 1181 τους
695 1142 789 1180 δικαῖ
778 1159 849 1180 ιους
878 1142 906 1181 δ’
933 1142 979 1180 ἄν
985 1144 1199 1197 βαδίζοις;
1230 1146 1297 1182 col.
1318 1151 1353 1184 2.
1383 1145 1462 1184 l.6.
1490 1148 1595 1193 adde,
1627 1149 1703 1184 De-

385 1206 523 1246 mosth.
541 1207 627 1244 adv.
646 1207 771 1245 Neaer.
790 1220 827 1256 p.
848 1206 964 1254 1362,
983 1213 1020 1253 9.
1063 1208 1156 1246 ωςδ’
1172 1208 1283 1255 ἦλθεν
1311 1227 1356 1248 ως
1385 1212 1453 1248 τᾶν
1478 1210 1701 1266 φράστορα·

385 1275 433 1309 εἷς
451 1269 659 1308 Lambinus.
689 1271 747 1308 Jo.
767 1272 982 1309 Grammat.
1010 1272 1036 1308 f.
1057 1276 1148 1310 238.
1166 1274 1204 1310 b.
1233 1290 1291 1310 και
1282 1273 1394 1311 ια’ντι
1385 1276 1480 1319 ιτῆς
1498 1276 1592 1327 πρός
1611 1293 1706 1328 προ-

384 1336 519 1374 θέσεως
537 1352 592 1373 τω
611 1336 655 1373 ὧς
674 1349 859 1390 χρωνται·
889 1335 974 1373 α’ντὶ
993 1353 1061 1374 του
1076 1337 1169 1389 πρὸς
1185 1354 1254 1374 τον
1266 1338 1435 1387 βασιλέα
1452 1355 1511 1376 και
1528 1341 1620 1395 πρός
1636 1341 1708 1378 τᾶν

385 1400 509 1450 φίλον·
539 1414 584 1435 ως
601 1414 671 1435 τον
686 1398 868 1448 βασιλέα,
898 1415 943 1436 ως
962 1415 1032 1436 τον
1049 1402 1158 1450 φίλον
1193 1400 1307 1450 [Xen.
1327 1402 1450 1439 A.nab
1471 1414 1501 1440 1.
1529 1407 1621 1453 p.9.
1651 1415 1704 1450 11,

391 1458 508 1513 165.].
548 1460 655 1498 Conf.
678 1460 722 1498 T.
736 1460 790 1498 H.
809 1461 923 1499 Misc.
945 1462 1039 1500 Obs.
1060 1474 1100 1509 v,
1118 1462 1168 1510 iii,
1189 1461 1251 1501 56.
1291 1463 1341 1502 R.
1361 1465 1407 1502 P.
1431 1466 1479 1503 ad
1498 1466 1568 1504 Ph.
1590 1470 1705 1505 1415.

387 1530 457 1573 etc.
494 1524 604 1577 [οἴνα
630 1525 678 1562 ad
707 1525 823 1575 Vesp.
853 1524 945 1571 796.
987 1526 1154 1573 ἠκηκόειν
1180 1527 1266 1581 γάρ»
1283 1533 1309 1551 “
1329 1530 1422 1568 Cod.
1446 1530 1543 1569 Vict.
1571 1537 1612 1570 ut
1629 1531 1704 1570 bini

386 1588 493 1626 codd.
518 1587 677 1626 Brunck.
703 1595 740 1626 et
758 1589 905 1627 Veneta
920 1590 1130 1640 posterior.”
1170 1591 1430 1641 ἐνοικοδεμέσει
1460 1594 1549 1632 Ald.
1577 1607 1705 1645 pro-

320 1668 324 1671 ’
385 1663 496 1702 μησει
527 1659 568 1691 ut
600 1653 703 1692 Junt.
737 1658 771 1691 1.
815 1653 1092 1703 ἀνοικοδομήσω
1119 1655 1222 1695 Junt.
1254 1661 1293 1695 2.
1336 1657 1432 1696 Vide
1463 1657 1514 1696 R.
1531 1658 1578 1697 P.
1607 1659 1705 1709 apud

388 1716 435 1754 P.
449 1716 498 1754 P.
512 1716 568 1755 D.

284 1780 373 1821 168.
401 1783 468 1819 col.
491 1786 525 1819 1.
553 1783 579 1819 l.
600 1786 636 1820 2.
665 1786 689 1805 “
710 1782 824 1820 Edd.”
851 1782 947 1821 Hor.
969 1784 1087 1823 Serm.
1114 1798 1167 1834 11,
1193 1787 1217 1834 i,
1236 1790 1300 1825 45.
1345 1787 1420 1831 Qui
1438 1801 1492 1826 me
1509 1788 1702 1836 conmorit,

385 1844 526 1894 (melius
543 1858 613 1883 non
630 1850 795 1897 tangere,
824 1848 954 1897 clamo)
979 1847 1114 1896 Flebit,
1145 1855 1182 1886 et
1210 1849 1366 1901 insignis
1392 1856 1473 1890 tota
1495 1851 1706 1890 cantabitur
1741 1900 1749 1907 ·

386 1909 487 1946 urbe.

285 1971 372 2016 176.
400 1973 468 2019 col.
491 1978 525 2011 1.
553 1975 578 2011 l.
598 1979 661 2013 23.
698 1976 827 2027 Etym.
846 1977 905 2015 M.
933 1991 970 2027 p.
989 1981 1054 2022 39.
1082 1978 1109 2016 l.
1131 1977 1191 2030 16.
1220 1993 1258 2016 v.
1287 1980 1701 2027 Αἷσυμνῆται-Ἰὸίως

387 2037 427 2076 δέ
444 2045 558 2089 φησιν
575 2039 853 2092 Ἀριστοτέλης
883 2042 1010 2092 [Polit.
1032 2054 1105 2089 111,
1129 2031 1225 2093 KRH]
1252 2044 1326 2079 ιῖπό
1343 2044 1516 2090 Κυμαίων
1533 2045 1706 2090 αἰσυμνή-

387 2118 458 2146 την
476 2103 545 2138 τὸν
563 2101 743 2155 ἄρχοντα
760 2105 948 2151 λέγεσθαι·
978 2105 1136 2156 [Odyss.
1156 2107 1203 2152 Θ,
1222 2109 1312 2143 258.
1352 2106 1398 2143 ll.
1419 2107 1467 2154 Ω,
1495 2108 1604 2159 347.]
1645 2107 1704 2146 καὶ

388 2165 546 2214 αἶσυμνᾷ
573 2165 723 2217 χθονός,
761 2165 845 2202 ἀντὶ
884 2167 956 2204 τοῦ
995 2170 1155 2215 ἡγεῖται,
1185 2168 1381 2221 Εὐριπίδης
1411 2169 1559 2221 Μηδείᾳ
1587 2170 1703 2224 [19.].

388 2227 434 2265 Τ.
454 2239 523 2265 Lv.
551 2227 576 2264 l.
595 2227 632 2266 6.
669 2229 766 2278 apud
792 2229 901 2267 Com.
928 2230 1073 2281 Coylus.
1117 2233 1522 2272 ΑΙΣΙΜΝΩΝΤΕΣ.
1569 2235 1704 2275 Strabo

389 2303 499 2339 XIII,
529 2290 716 2339 623=11,
737 2297 825 2338 893.
855 2294 933 2332 ΟΧ.
957 2295 1129 2349 ”Ομηρος
1150 2298 1329 2346 Κυμαῖος,
1358 2298 1434 2353 οὐχ
1452 2299 1705 2348 όμολογουμέ·

391 2372 466 2395 νιος·
505 2357 641 2395 πολλοὶ
658 2359 733 2411 «γάρ
751 2358 1062 2411 ἀμφισβητοῦσιν
1078 2360 1209 2402 αὖτοῖῐ.

285 2425 374 2467 177.
401 2421 468 2459 col.
487 2425 524 2459 2.
552 2421 576 2458 l.
598 2425 658 2459 13.
687 2422 820 2461 Joann.
841 2424 1056 2462 Grammat.
1081 2425 1106 2462 f.
1126 2429 1215 2464 235.
1244 2439 1280 2464 a.
1307 2425 1379 2465 ’Ia'e
1396 2426 1480 2467 ἐστι
1498 2427 1703 2476 διάλεκτος,

388 2485 413 2542 ᾗ
429 2485 633 2540 κέχρηνται
653 2486 787 2526 Ἴωνες·
831 2489 932 2527 δοκεῖ
946 2490 986 2529 δὲ
1003 2490 1149 2544 α’ρχαὶα
1178 2489 1265 2529 εἶναι
1286 2491 1432 2531 ”Ατθις.
1471 2492 1649 2530 Herodot.
1669 2505 1701 2540 1,

391 2555 480 2594 147.
517 2550 584 2588 εἶσὶ
614 2550 654 2588 δὲ
676 2550 814 2590 πάντες
832 2552 967 2599 Ἴωνες,
995 2553 1079 2592 ὅσοι
1096 2553 1161 2591 ἀπ’
1177 2554 1360 2600 Ἀθηνέων
1375 2556 1560 2603 γεγόνασι.
1591 2557 1617 2593 l.
1641 2554 1702 2597 16.

386 2619 412 2638 ‘⁴
433 2615 555 2653 Persae
581 2612 737 2652 fortasse
764 2628 892 2654 omnes
923 2618 1077 2656 Graecos
1113 2618 1245 2656 Ionum
1277 2619 1383 2656 titulo
1418 2619 1702 2668 comprehende-

386 2681 477 2717 bant
489 2679 523 2724 ;''
565 2677 743 2716 Herodot.
763 2692 825 2726 lv,
853 2685 918 2725 98.
964 2681 1124 2720 καλέσας
1159 2683 1355 2734 [Δαρεῖος]
1385 2681 1421 2720 ἐς
1449 2681 1580 2730 λόγους
1611 2683 1701 2722 τούς

386 2741 513 2781 Ἰώνων
531 2741 736 2795 τυράννους,
764 2742 868 2792 ἔλεγε
891 2744 994 2793 τάδε,
1015 2744 1170 2799 ”Ανὸρες
1191 2745 1565 2796 ’Ίωνες,-ΙΈ801])Ἰ.
1592 2747 1617 2785 l.
1634 2751 1700 2785 33.

387 2809 492 2855 adde,
521 2809 848 2856 Amnmmvsns,
877 2822 980 2860 aeque
1011 2822 1055 2848 ac
1086 2810 1206 2857 lones,
1236 2810 1371 2848 sensim
1401 2809 1565 2860 linguam
1590 2823 1699 2850 suam

387 2877 598 2919 mutarum
626 2877 663 2910 et
688 2871 855 2927 Ἀρχαία
885 2874 942 2912 καὶ
978 2875 1040 2915 νέα
1068 2873 1196 2914 Ἀτθὶς
1230 2875 1399 2916 Omnibus
1433 2875 1698 2915 innotescit.-
