1864 3132
135 1447 230 1498 293

911 239 915 241 ’
960 257 1063 306 514

285 362 385 412 Ista
417 371 580 412 autem
616 379 761 413 sensu
801 380 936 425 cassa
970 371 1119 431 atque
1154 365 1352 431 insuper
1386 371 1560 416 contra·
1579 368 1720 418 metri

282 438 439 504 legem
468 446 677 503 quatuor
700 457 866 490 versus
903 442 1208 492 catalecticos
1232 442 1371 492 simul
1392 442 1718 508 praeferentia,

710 536 763 579 Τι
798 529 1013 597 δρασομεν
1045 555 1182 590 αυτην

707 603 759 646 Τι
795 596 1009 664 δρασομει)
1042 622 1179 657 αυτ-ην

672 716 676 720 ,
709 670 1000 730 ΤρυΎηο-ομεν
1032 688 1169 723 αυτην

708 737 1000 797 Τρυγησομεν
1034 755 1183 791 αυτ-ην,

276 834 375 866 non
416 818 520 867 sine
565 818 847 868 Scholiastae
892 821 1181 869 auctoritate
1226 819 1593 880 eliminavimus,
1630 821 1715 887 qui

276 911 335 943 ea
374 895 424 944 in
465 897 708 945 nonnullis
749 897 1100 961 exemplaribus
1130 899 1297 946 deesse
1322 904 1538 946 testatur.
1572 962 1575 966 Ι
1613 898 1713 947 Pro

274 981 431 1033 Φησεις
453 997 564 1038 *γουν
586 975 1081 1039 &rav—reposuimus
1106 981 1264 1033 Φησεις
1289 997 1326 1038 ’γ
1348 975 1457 1024 ὁταν
1612 974 1715 1022 Ista

272 1054 485 1117 denique
529 1059 651 1112 Υμην
693 1059 858 1110 Υμεναι
907 1054 1002 1102 ξπ.
1069 1053 1134 1100 ad
1181 1069 1399 1101 normam
1446 1068 1476 1099 a
1519 1050 1713 1100 Catullo

271 1137 507 1180 servatam
532 1131 797 1197 exegimus,
822 1132 950 1195 apud
974 1147 1118 1195 quem
1144 1131 1319 1194 saepius
1342 1130 1535 1196 legitur.

566 1216 782 1284 Hymen,
821 1219 850 1266 ὃ
886 1217 1159 1283 Hymenaee
1193 1216 1410 1283 Hymen,

697 1292 898 1359 Hymen
935 1294 963 1343 ὂ
999 1293 1284 1359 Hymencee.

584 1436 1077 1491 *Emendationes
1115 1435 1177 1489 in
1216 1436 1398 1491 Avns.

336 1552 394 1602 V.
419 1564 461 1606 9.
514 1557 621 1601 Αλλ
655 1550 750 1601 υνδε
788 1575 864 1600 ποι
900 1573 985 1615 ’γης
1021 1573 1153 1608 εσμεν
1189 1547 1254 1599 οιδ
1289 1571 1421 1613 εὙωὙ
1457 1546 1556 1614 ετι]

268 1644 384 1694 Una
427 1645 600 1693 vocula
644 1667 721 1693 ποι
758 1645 1008 1710 geminum
1048 1644 1127 1692 hic
1169 1643 1503 1691 soloecismum
1544 1640 1702 1690 efficit.
1754 1656 1757 1660 ·

269 1721 517 1784 Principio
553 1720 721 1785 utique
756 1719 968 1784 postulat
1004 1720 1154 1768 Attici
1189 1719 1423 1769 sermonis
1450 1718 1704 1785 ingenium

267 1795 360 1848 οιδα
404 1798 522 1846 ὁποι.
593 1798 726 1847 Nam
772 1821 847 1847 ποι
893 1814 992 1847 non
1033 1805 1107 1847 est
1146 1799 1238 1850 nisi
1279 1797 1704 1865 interrogantis.²¹⁵

268 1877 463 1926 Deinde
502 1875 598 1925 ουδε
636 1877 740 1926 ὁποι
776 1899 862 1940 ’γης
902 1900 1032 1934 εσμεν
1070 1875 1163 1926 οιδα
1201 1878 1404 1942 perinde
1443 1884 1531 1936 est,
1570 1893 1628 1925 ac
1663 1876 1703 1924 Si

267 1954 444 2003 Latine
467 1955 613 2012 dicas,
653 1971 717 2003 ne
747 1970 844 2019 quo
880 1954 1072 2020 quidem
1103 1959 1352 2004 terrarum
1393 1955 1514 2015 (sive
1554 1967 1704 2020 quam

265 2031 320 2078 in
358 2037 500 2079 terrae
533 2033 753 2093 partem)
789 2029 946 2078 simus
982 2030 1114 2088 novi,
1155 2046 1246 2094 pro
1286 2046 1344 2077 eo
1392 2029 1522 2094 quod
1567 2036 1702 2078 recte

265 2107 540 2171 protuleris,
564 2123 625 2154 ne
648 2108 731 2155 ubi
757 2098 949 2172 quidem
972 2108 1407 2157 terrarum—sive
1431 2125 1528 2173 qua
1555 2114 1702 2158 terrae

263 2183 318 2232 in
334 2184 719 2248 parte—Hanc
758 2201 872 2232 vero
910 2185 1157 2232 notionem
1194 2187 1522 2249 suppeditabit
1552 2187 1700 2251 scrip—

263 2267 388 2319 tura,
415 2277 558 2326 quam
576 2276 604 2307 a
623 2260 811 2308 Comici
834 2277 979 2308 manu
1003 2261 1149 2310 fuisse
1175 2262 1331 2310 nullus
1356 2263 1696 2314 dubitaverim:

431 2354 535 2398 Αλλ
564 2346 637 2398 ovd
668 2359 823 2397 ΟΠΟΥ
853 2371 937 2412 ’γης
967 2372 1099 2407 εσμεν
1128 2347 1192 2399 οιδ
1222 2372 1354 2414 εὙωΎ
1383 2373 1467 2401 era.

263 2426 345 2476 Sic
369 2437 466 2482 394.
536 2431 989 2493 Κατορυγησομεσθα
1018 2439 1132 2478 ΠΟΥ
1162 2429 1367 2488 ΓΗΣςῊδ

260 2546 401 2597 opinor,
438 2545 522 2584 inde
549 2545 701 2596 periculi
729 2551 753 2569 “
773 2547 878 2584 bonae
906 2559 950 2584 ac
1061 2551 1151 2587 215,
1174 2548 1264 2586 OEd.
1280 2547 1363 2586 Col.
1381 2544 1473 2590 476.
1494 2546 1544 2583 τό
1556 2545 1586 2584 δ’
1595 2545 1696 2586 ἔνθεν

260 2618 369 2650 tersae
401 2611 530 2658 menti,
567 2625 680 2662 quain
716 2611 802 2649 aliae
834 2612 950 2650 literae
1005 2614 1319 2659 ποΐτελευτῆσαί
1330 2627 1376 2659 με
1387 2610 1488 2666 χρὴ
1514 2609 1694 2662 Burgess.

259 2676 411 2723 faciunt,
438 2676 498 2714 hae
523 2674 714 2726 probant.'’
742 2676 947 2726 “Gagates
1059 2675 1148 2716 216.
1179 2683 1202 2700 ‘⁴
1224 2677 1321 2716 Vide
1345 2676 1383 2715 V
1378 2675 1472 2714 alck.
1502 2677 1549 2713 ad
1576 2675 1694 2726 Hipp.

259 2741 354 2791 lapis
373 2742 411 2779 in
439 2740 619 2779 venalicio
643 2740 813 2778 incensus
832 2741 949 2778 comi·
1006 2741 1147 2783 1247.υ
1166 2740 1341 2790 Burgess.
1361 2739 1449 2778 Eur.
1458 2737 1690 2776 Med.1131.

258 2806 340 2844 tiali
359 2808 489 2844 morbo
516 2806 726 2844 laborantes
746 2807 944 2854 sternebat,
1001 2805 1124 2857 Λέξον
1156 2803 1185 2841 δ’
1215 2803 1313 2842 ὅπως
1342 2801 1488 2841 ὤλοντο
1514 2814 1562 2840 ex
1593 2800 1686 2839 cod.

258 2869 403 2909 validos
422 2883 495 2909 non
513 2870 753 2909 offendebat.”
1001 2869 1031 2908 F
1033 2869 1059 2907 l.
1084 2868 1122 2906 V
1118 2868 1211 2907 alclc.
1231 2869 1279 2907 ad
1304 2868 1419 2919 Hipp.
1442 2871 1466 2911 7
1471 2871 1561 2915 23.;
1591 2863 1688 2905 conf.
