1864 3132
127 835 225 874 200

157 2868 239 2909 ‚201

928 245 1035 296 366

259 354 420 420 Atque
459 355 587 402 hanc
627 354 822 420 quidem
859 355 1144 420 scripturam
1175 355 1225 404 in
1247 356 1466 423 regulam
1489 357 1694 421 primam

258 431 513 479 cadentem
589 447 873 496 germanam
951 432 1250 482 crediderim.
1343 434 1418 483 Cl.
1467 433 1697 483 Bentleio

259 509 443 574 placuit
488 515 529 558 O
575 508 599 557 δ
645 534 740 562 mos
785 512 973 568 ἧμιν-
995 511 1155 578 Hujus
1199 512 1345 560 etiam
1402 513 1454 561 in
1500 518 1699 561 senten-

259 587 375 635 tiam
414 588 617 652 pedibus
657 589 743 637 ivit
785 589 858 636 Cl.
898 589 1147 638 Kusterus.
1207 590 1369 655 Atque
1403 590 1455 638 in
1490 590 1697 638 eandem

257 669 566 732 propendere
601 669 743 717 video
782 669 969 716 doctiss.
1029 669 1484 729 Hemsterhuisium.
1538 669 1714 731 -Bent-⁴

259 745 406 794 leium
445 748 621 811 partim
657 747 856 795 adduxit
893 747 1015 795 Julii
1052 744 1281 795 Pollucis*
1309 749 1574 796 auctoritas
1618 762 1703 795 vo-

262 825 406 872 *cem
447 848 544 876 ιπος
579 825 629 872 ἰῐι
666 825 1001 888 Aristophanis
1032 824 1178 872 Pluto
1201 824 1532 889 muscipulam
1554 826 1705 873 deuo-

260 908 367 950 tare
401 903 636 952 testantis.
707 903 890 951 Verum
931 918 1040 950 cum
1085 902 1291 951 alterum
1328 903 1526 952 Plutum
1560 903 1706 951 hodie

263 980 458 1045 quidem
505 980 706 1039 nullum,
769 981 832 1028 ab
879 980 1208 1044 Aristophane
1265 980 1501 1044 scriptum
1557 979 1707 1046 fuisse

262 1062 432 1104 notum
479 1056 569 1115 sit;
629 1056 813 1121 quidni,
859 1057 1078 1115 obsecro,
1135 1057 1287 1121 (quod
1327 1062 1377 1104 et
1411 1056 1494 1121 alii
1530 1045 1704 1104 merito

265 1133 613 1197 quaesiverunt)
652 1135 714 1182 ad
749 1132 953 1182 alterum
992 1134 1136 1181 istum
1176 1134 1373 1184 Plutum
1398 1130 1704 1184 Onomastici

264 1211 470 1274 scriptor
493 1208 799 1274 respexerit?
868 1210 1024 1259 Porro
1059 1211 1098 1258 si
1133 1227 1246 1260 eum
1281 1218 1528 1260 constaret
1550 1211 1708 1275 ipsum

265 1288 398 1335 hunc
429 1287 583 1351 ΙΡΙῑιῐί
629 1288 774 1336 hodie
821 1287 967 1335 solius
1007 1287 1169 1335 locum
1214 1288 1528 1353 designasse;
1565 1287 1708 1354 ⁸quid

265 1371 454 1413 tantum
512 1365 689 1411 exinde
737 1364 907 1411 liceret
956 1361 1173 1411 inferre?
1241 1363 1385 1412 Nihil
1432 1361 1711 1412 mehercule

266 1442 413 1499 aliud,
448 1448 777 1505 praeterquam
804 1441 936 1504 quod
960 1440 1207 1504 exem'plar
1240 1441 1304 1489 ab
1339 1456 1399 1489 eo
1422 1437 1709 1505 usurpatum

267 1542 364 1570 ιπος
400 1518 666 1566 exhiberet.
739 1519 805 1566 At
839 1517 966 1565 enim
1009 1518 1177 1582 quidni
1215 1517 1329 1566 huic
1375 1517 1462 1565 uni
1507 1517 1617 1576 tria,
1657 1523 1713 1565 ut

269 1598 365 1645 alia
404 1597 630 1645 universa
669 1597 872 1654 mittam,
914 1612 1235 1660 opponamus,
1278 1595 1454 1660 quibus
1493 1594 1567 1643 usi
1603 1600 1718 1642 sunt

271 1674 578 1732 Scholiastes,
615 1673 804 1732 Suidas,
841 1671 1141 1722 Athenaeus?
1210 1673 1334 1721 Haec
1380 1672 1553 1736 utique
1574 1693 1713 1722 uncos*

270 1752 614 1817 praeferebant.
685 1750 782 1799 Sed
805 1751 937 1799 addit
958 1751 1032 1800 vir
1054 1750 1128 1800 Cl.
1154 1750 1315 1814 perire
1338 1748 1538 1798 omnino
1569 1763 1710 1796 usum

271 1855 353 1880 του
388 1831 527 1889 cvr-von,
563 1830 602 1879 Sl
640 1831 702 1879 sit
729 1836 1030 1896 ελεφαντινος,
1078 1839 1187 1878 'Cum
1229 1830 1351 1878 ebur
1384 1828 1548 1894 ignem
1582 1825 1714 1875 ferre

273 1916 501 1974 nequeat,
559 1910 645 1957 sed
701 1925 811 1957 cum
868 1905 1117 1957 teterrimo
1170 1907 1339 1954 nidore
1385 1896 1713 1953 comburatur.

272 1985 470 2050 Nempe
495 2001 605 2033 cum
628 1985 722 2034 hoc
745 1986 992 2042 scriberet,
1028 2006 1149 2032 ιπνον
1171 1982 1476 2030 existimabat
1500 1994 1599 2028 non
1623 1979 1717 2028 nisi

272 2064 349 2112 vel
356 2064 578 2128 furnum
599 2063 674 2111 vel
698 2061 950 2109 caminum
966 2060 1042 2108 vel
1065 2059 1190 2107 forte
1214 2057 1438 2106 culinam
1461 2055 1709 2106 denotare.

273 2139 424 2204 Atqui
456 2155 623 2187 vocem
656 2139 796 2186 istam
833 2138 1082 2185 laternam
1116 2136 1194 2183 hic
1227 2134 1506 2201 significare
1545 2133 1712 2183 statui·

274 2212 395 2276 mus,
433 2233 532 2265 non
556 2232 694 2265 secus
716 2221 863 2280 atque
887 2215 936 2262 in
963 2215 1094 2263 Pace
1119 2229 1240 2262 vers.
1267 2223 1365 2267 839.

630 2323 733 2366 Απο
767 2313 935 2365 Servi-nov
970 2338 1082 2367 τινες

342 2402 444 2446 Των
477 2407 701 2447 πλουσιων
733 2396 855 2446 οὗτοι
888 2393 1104 2462 βαδιζουσ
1138 2417 1339 2461 αστερων

346 2474 559 2522 ιΠΝοΥΣ
593 2496 791 2540 axomes,
827 2497 872 2522 εν
906 2471 951 2521 δε
987 2496 1077 2524 τοις
1114 2481 1333 2520 ΙΠΝΟΙΣΙ
1367 2492 1470 2536 wop.

278 2576 325 2623 h.
351 2591 392 2624 e.
431 2574 661 2623 Florente
684 2575 961 2623 Christiano
984 2575 1250 2636 interprete
1266 2592 1282 2623 ε·

414 2674 457 2722 Α
482 2673 754 2722 lautior-um
777 2673 995 2722 siderum
1018 2671 1243 2720 convivio

415 2748 658 2810 Redeunt,
694 2758 748 2804 et,
761 2750 930 2815 ignem
953 2755 1092 2797 nocte
1115 2747 1313 2797 laternis
1321 2738 1516 2814 ferunt.

283 2854 312 2882 *
326 2850 438 2900 Huc
459 2850 706 2915 pertinent
729 2850 1011 2899 Scholiastae
1033 2849 1299 2906 verba—n
1325 2847 1350 2897 ὁ
1372 2853 1527 2915 φανος,
1561 2845 1617 2897 ὥς
1639 2857 1713 2902 «νο,
