1864 3132
953 189 1055 238 318

1574 247 1596 260 fl

266 299 449 345 ‘mento
478 295 684 344 librariis
717 295 868 344 visum
900 301 976 343 est
1005 296 1202 344 donare.
1282 294 1323 343 Ii
1357 310 1474 344 vero
1501 310 1587 345 sua
1611 302 1715 345 tan·

281 375 390 422 dem
438 389 600 421 secum
648 373 862 421 habeant
905 379 1148 437 portenta,
1195 379 1250 422 ut
1288 373 1447 421 verbis
1486 373 1716 437 deinceps

281 450 553 498 Homericis
596 450 703 516 ‘Jam
756 449 956 498 nimium
1008 451 1090 498 diu
1145 450 1453 499 exulantibus
1506 449 1718 514 propriae

257 526 408 573 <sedis
454 527 594 590 copia
638 527 735 575 fiat.
819 527 1007 576 Horum
1046 535 1208 578 autem
1247 530 1298 578 in
1338 546 1542 578 numero
1581 527 1718 577 venit

223 650 225 652 .
279 626 585 670 εννοινοχοννει,
625 606 696 654 uti
727 612 777 654 et
805 606 895 655 ista
929 606 1098 655 formae
1125 624 1224 656 non
1248 608 1316 655 ita
1338 607 1592 665 dissimilis,
1634 626 1718 654 we-

141 1897 228 1938 181

279 703 439 740 wouccc,
482 690 731 741 ψεψολπει,
770 703 1027 748 ννεννοργειε
1082 685 1183 732 sive
1216 686 1526 748 praecedente
1561 682 1718 732 vocali

278 760 411 818 elisa,
458 783 700 817 ewewoucet,
745 770 1015 821 ewewokrec,
1062 783 1341 828 ewewop‘yet:
1399 771 1618 827 'quorum
1663 761 1716 808 in

277 837 387 885 loco
413 838 570 886 ‘hodie
611 837 940 902 praeferuntur
980 861 1117 901 εῳκει,
1157 847 1336 897 εωλπει,
1381 861 1555 904 emp-yet.
1626 837 1716 886 His

277 915 490 980 (lenique
505 913 709 982 adjicias
731 912 916 968 εννοιδεις
938 932 969 964 a
990 914 1141 975 Ψοιδα,
1175 917 1326 982 Vulgo
1348 913 1512 974 ηειδεις.

368 1033 404 1076 Ι.
440 1035 534 1077 116.
582 1028 827 1096 Αασαμην]
907 1036 938 1055 “
961 1030 1178 1079 Verbum
1235 1030 1330 1078 hoc
1386 1028 1609 1078 fictitium
1665 1033 1717 1077 et

277 1113 310 1133 “
331 1108 581 1167 abnorme,
643 1133 673 1157 α
717 1110 768 1157 in
814 1110 982 1174 primis
1026 1108 1219 1174 syllabis
1265 1114 1523 1171 utramque
1566 1106 1717 1155 habet
1763 1108 1768 1111 ’

275 1190 309 1210 “
329 1184 607 1249 ancipitem.
681 1186 826 1247 Quod
860 1187 911 1235 in
950 1188 1043 1235 hoc
1082 1185 1462 1248 verbo‘(credo)
1501 1191 1575 1232 est
1613 1183 1715 1231 sin-

273 1266 307 1287 “
327 1263 524 1327 gulare.
597 1263 748 1313 Forte
787 1272 950 1313 tamen
989 1264 1132 1331 hujus
1168 1264 1238 1312 rei
1274 1263 1398 1312 ratio
1437 1279 1499 1311 ex
1535 1260 1594 1311 est
1630 1278 1714 1326 pe-

274 1345 307 1365 “
329 1341 479 1388 tenda
514 1342 606 1390 erit
644 1340 885 1407 analogia,
925 1340 1022 1406 qua
1057 1334 1285 1406 analogia
1320 1340 1497 1388 dicitur
1535 1344 1714 1405 Κρονῖο-

273 1424 308 1444 “
330 1441 398 1470 νος
438 1425 488 1467 et
536 1424 790 1484 Κρονῖωνος,
835 1423 1075 1476 τεθνηοτος
1113 1425 1162 1467 et
1204 1422 1461 1476 τεθνεωτος,
1505 1439 1716 1483 new-napos

273 1499 308 1519 “
329 1501 380 1543 et
420 1517 656 1561 μετεωρος,
702 1503 809 1545 λᾶος
854 1502 903 1544 et
947 1503 1071 1553 λεως,
1121 1496 1341 1556 βασιληος
1385 1500 1435 1542 et
1478 1494 1714 1555 βασιλεως,

275 1578 308 1598 “
327 1573 534 1633 βασιληᾶ
588 1581 638 1622 et
688 1575 902 1635 βασιλεᾶ,
965 1578 1182 1639 Αχιλληᾶ
1231 1580 1280 1621 et
1328 1578 1536 1638 Αχιλλεᾶ
1587 1575 1713 1625 &c.’'

268 1646 524 1698 Clarkius.
598 1650 664 1698 At
698 1650 828 1697 enim
865 1666 1012 1714 quam
1047 1651 1099 1698 in
1134 1649 1334 1714 proclivi
1367 1648 1538 1698 fuisset
1561 1649 1714 1715 juxta
1785 1709 1790 1716 .

270 1744 378 1777 eam
410 1744 555 1793 quam
586 1730 702 1777 alibi
738 1731 826 1794 [ad
849 1730 904 1778 Il.
934 1735 990 1789 A,
1022 1735 1118 1778 116.
1144 1736 1244 1779 265.
1270 1740 1372 1783 309.
1398 1740 1498 1779 314.
1522 1738 1622 1778 338.
1659 1734 1711 1788 Ζ,

270 1817 371 1855 434.
410 1813 467 1865 O,
492 1815 593 1866 463,
627 1809 748 1872 etc.]
803 1815 1105 1858 commentus
1145 1815 1220 1856 est
1258 1808 1331 1857 vir
1369 1808 1561 1857 doctiss,
1600 1823 1712 1871 pro-

272 1884 297 1914 *
319 1885 497 1933 soediae
521 1886 758 1934 rationem
785 1887 1006 1934 statuisse
1030 1886 1233 1950 primam
1258 1908 1288 1933 α
1317 1891 1491 1933 natura
1512 1883 1729 1948 longam·

270 1977 392 2020 esse,
415 1962 675 2027 aliquando
699 1979 815 2011 vero
837 1963 900 2011 ob
924 1962 1216 2026 positionem
1238 1958 1442 2024 corripi!
1485 1959 1714 2008 Secunda

269 2047 433 2088 autem
478 2041 694 2088 omnium
740 2040 999 2087 verborum
1039 2037 1089 2086 in
1130 2038 1189 2103 ζω
1231 2037 1554 2086 desinentium
1593 2052 1711 2101 ana-

268 2116 449 2181 logiam
497 2117 745 2179 sequitur:
821 2131 1027 2178 quorum
1073 2115 1243 2179 utique
1288 2116 1456 2164 aoristi
1500 2114 1712 2178 penulti-

269 2209 397 2241 mam
439 2193 518 2241 vel
555 2201 670 2240 ante
713 2192 919 2256 simplex
957 2214 988 2240 σ
1031 2192 1313 2256 corripiunt,
1358 2193 1437 2241 vel
1475 2192 1711 2259 geminati

269 2285 366 2333 ope
410 2270 699 2333 producunt.
794 2269 998 2317 Frustra
1049 2274 1210 2317 autem
1263 2277 1336 2318 est
1378 2270 1453 2318 vir
1497 2271 1708 2329 doctiss„

268 2353 596 2411 praeterquam
634 2347 765 2412 quod
800 2346 1034 2396 Attica¹¹⁶
1071 2362 1182 2395 cum
1213 2345 1393 2395 Ionicis
1424 2347 1707 2406 confundat,

269 2518 307 2552 et
338 2513 417 2552 En.
448 2514 524 2551 Pu.
582 2514 710 2563 Apoll.
743 2515 866 2553 Rhod.
898 2525 960 2562 ιν,
1073 2499 1345 2560 116.“οικῆω,
1376 2524 1443 2562 pro
1457 2511 1707 2566 θεράποντος,

273 2583 388 2623 1701.
443 2578 566 2617 Αὐτοὶ
609 2579 638 2616 δ’
668 2579 741 2618 εἴτ’
779 2581 863 2635 α’·έδῃ
898 2577 963 2619 εἴθ’
1016 2578 1153 2629 duplici
1184 2578 1325 2617 ratione
1351 2577 1519 2615 Ionicum
1547 2583 1628 2625 est3
1670 2583 1707 2617 et

268 2644 395 2683 ὕδασιν
418 2643 671 2697 ἐμφορέοντο,
698 2645 859 2685 ”Ηειδειν
890 2645 962 2684 οὐδ’
1016 2645 1176 2683 nominis
1208 2644 1337 2694 ipsius,
1373 2648 1409 2681 et
1439 2644 1707 2685 terminationis

268 2708 399 2746 ὅσσον·
450 2707 599 2754 Ἠείὸην
633 2709 671 2747 in
710 2710 835 2750 Schol.
872 2709 960 2749 MS·
1015 2712 1081 2759 ἧος·
1110 2723 1178 2761 pro
1209 2708 1296 2748 ε’ωςε
1325 2707 1439 2748 R-B.
1470 2708 1642 2759 [Answer
1667 2714 1706 2750 {⁰

269 2772 378 2819 Harl.
527 2765 542 2776 ⁸
1015 2776 1144 2827 Boyk,
1173 2788 1210 2826 p.
1236 2774 1491 2826 400=224.].
1664 2771 1671 2775 ’
