1864 3132
643 607 673 639 ³*
701 598 936 668 Snc'r.
1007 599 1132 706 IV.

806 830 979 856 -4-—5
1008 867 1017 875 l

185 988 512 1041 consonantis
567 987 671 1036 sive
726 986 1080 1051 adspirationis
1136 985 1291 1043 VAU,
1346 990 1498 1047 prout
1551 983 1604 1031 in

243 1083 465 1116 sermone
506 1064 767 1114 Homerico
805 1064 1066 1122 obtinebat,
1107 1061 1309 1111 virtutis
1346 1076 1458 1108 cum
1489 1077 1604 1124 pro-

202 1139 204 1141 *
242 1143 466 1192 soediacae
500 1148 605 1190 tum
639 1140 918 1205 analogicae
951 1139 1207 1204 specimen.

181 1309 355 1384 Dm
407 1336 480 1377 est
533 1330 663 1395 quod
713 1329 831 1377 fecit
882 1328 955 1378 Cl.
1005 1326 1254 1376 Bentleius
1308 1333 1361 1374 ut
1405 1324 1605 1374 Homeri

176 1405 438 1453 editionem
476 1405 720 1471 digamma
758 1405 949 1453 AEolico
987 1405 1268 1469 insignitam
1308 1403 1484 1450 eruditi
1524 1419 1606 1449 ex-

176 1488 445 1547 pectarent.

534 1480 776 1529 Elementi
821 1481 1015 1543 quidem
1055 1480 1191 1527 istius
1228 1484 1515 1542 potestatem
1554 1477 1605 1524 in

177 1557 382 1606 Homeri
418 1557 606 1622 scriptis
644 1558 758 1605 olim
795 1557 1073 1615 obtinuisse,
1123 1573 1182 1603 ac
1217 1556 1422 1620 proinde
1462 1556 1605 1603 etiam

176 1633 322 1681 hodie
355 1633 526 1682 haberi
549 1640 774 1697 oportere
808 1633 1013 1697 figuram
1048 1633 1146 1681 sive
1180 1639 1344 1680 notam
1380 1631 1606 1695 aliquam,

178 1724 277 1772 qua
313 1709 406 1757 ista
442 1715 655 1773 potestas
696 1710 993 1776 designetur,
1037 1710 1085 1757 id
1124 1725 1239 1756 sane
1281 1715 1330 1756 et
1367 1725 1454 1757 nos
1494 1725 1603 1757 cum

177 1786 281 1835 viro
325 1786 400 1835 Cl.
448 1788 767 1835 communiter
811 1787 1012 1853 agimus.

1105 1785 1229 1834 Cum
1276 1786 1443 1833 eodem
1488 1800 1604 1833 vero

177 1879 277 1912 non
315 1864 480 1912 itidem
515 1864 746 1912 sentimus
779 1863 939 1928 ipsum
974 1862 1091 1911 illud
1126 1863 1415 1910 elementum
1452 1862 1605 1927 magis

145 2004 148 2011 ἢ
178 1955 323 2003 quam
355 1939 433 1988 vel
467 1938 789 2010 Hebraeorum
824 1939 898 1988 vel
931 1938 1145 1986 Arabum
1189 1936 1294 1985 Vau
1327 1938 1378 1985 in
1412 1936 1602 1984 Ionica¹

235 2106 272 2140 1.
300 2101 362 2139 De
379 2100 589 2147 Hommo,
614 2103 640 2123 ‘⁴
655 2099 716 2150 qui
734 2099 869 2137 huma-

179 2167 219 2204 ni
241 2166 376 2217 ingenii
392 2166 546 2204 modum
566 2165 758 2211 excessit,”
786 2177 869 2202 ver-

181 2233 231 2270 ba
248 2231 424 2277 facturus,
440 2230 572 2280 ubique
585 2230 721 2276 haereo,
739 2229 868 2275 titubo,

181 2294 361 2346 pelluceo‚
408 2293 508 2331 velut
548 2293 700 2330 obscura
740 2297 870 2342 captus

182 2359 333 2411 regione
361 2357 502 2395 viarum
532 2344 784 2406 Noctivagum
809 2356 871 2407 qai

185 2425 309 2474 carpit
319 2424 403 2461 iter.
421 2427 444 2446 “
457 2422 634 2471 Strabop.
644 2424 734 2460 582.
748 2424 872 2472 (xur-

183 2502 223 2539 p.
244 2491 351 2538 872.)
380 2500 404 2525 a
423 2485 589 2523 Bentleio
606 2484 786 2523 indicatus
811 2485 874 2523 do-

187 2558 247 2590 cet
303 2557 314 2576 ‘
336 2551 527 2599 AEolenses
581 2555 666 2599 post
718 2549 871 2600 Trojam

187 2622 338 2666 captam
365 2621 485 2655 totam
509 2615 582 2652 fere.
607 2615 792 2653 Troadem
814 2627 874 2652 co-

188 2679 295 2719 loniis
323 2682 398 2719 suis
423 2691 636 2729 occupasse,
664 2679 758 2717 unde
786 2678 874 2715 data

189 2741 282 2780 forte
312 2755 405 2781 ansa
435 2742 484 2780 sit
515 2741 681 2779 Homero
710 2740 875 2779 AEolensi

193 2806 237 2844 de
263 2806 379 2857 Troja
407 2806 609 2846 scribendi:
651 2805 734 2844 vide
757 2810 794 2843 et
813 2817 875 2854 pp.

923 2096 1012 2136 586.
1030 2096 1122 2136 600.
1140 2101 1176 2136 5.
1191 2084 1284 2135 610.
1299 2094 1415 2135 622?
1433 2096 1608 2147 Burgess.

922 2163 1064 2200 an.
1085 2174 1221 2200 xvu1.
1247 2167 1283 2199 et
1308 2161 1475 2211 Heynius
1495 2162 1542 2199 ad
1563 2161 1609 2199 ΙΙ.

924 2227 970 2264 T.
990 2239 1027 2275 p.
1043 2230 1135 2269 713.
1191 2231 1214 2249 “
1229 2225 1396 2274 AEoliam
1414 2226 1527 2264 etiam
1546 2239 1612 2275 pa-

1645 615 1739 655 110

923 2289 1035 2327 triam
1062 2289 1218 2328 Homeri
1242 2295 1424 2328 testantur
1446 2290 1612 2328 nonnulli
1679 2318 1686 2321 -

923 2359 1065 2393 veteres
1101 2360 1138 2392 et
1172 2356 1401 2402 recentiores,
1437 2357 1499 2406 qui
1533 2369 1613 2393 sen-

924 2420 1079 2458 tentiam
1098 2432 1205 2457 suam
1225 2421 1445 2458 confirmant
1466 2434 1512 2458 ex
1530 2433 1614 2470 poe-

924 2490 973 2522 tae
989 2483 1104 2533 ipsius
1121 2488 1314 2533 poematis,
1346 2485 1612 2522 vocabulorum

925 2560 1004 2597 ope,
1059 2561 1140 2598 quae
1179 2548 1315 2597 partim
1358 2548 1406 2586 ad
1451 2548 1613 2586 AEolicos

926 2624 1047 2649 mores
1073 2611 1264 2661 pertinent,
1296 2611 1500 2661 praesertim
1531 2625 1613 2663 quae

926 2676 1072 2715 dialecti
1101 2683 1187 2715 sunt
1214 2678 1304 2727 ejus,
1339 2690 1434 2727 quae,
1467 2678 1615 2715 florente

928 2743 1093 2788 Graecia,
1110 2742 1253 2780 AEolica
1264 2743 1477 2780 vocabatur.
1506 2743 1617 2780 Pseu-

930 2807 1205 2846 do—Herodotus
1217 2808 1255 2845 in
1269 2819 1376 2845 suani
1395 2806 1616 2857 farraginem
