1864 3132
857 190 924 238 41

174 295 295 363 Pag.
321 303 392 346 62.
415 295 457 345 .1.
481 307 525 350 9.
590 305 615 310 ··

229 375 367 438 ‘Post
388 388 655 453 spondeum
675 394 843 438 autem
863 393 1074 440 υὲηἵὲηε
1095 390 1167 441 sie
1184 384 1338 443 mutet
1358 400 1560 459 oportet,

313 467 378 515 Ut
398 467 490 516 iste
509 482 685 515 versus
692 465 809 530 jam
830 466 982 525 docet,
1007 468 1167 531 legem
1187 467 1416 538 met⁷ri.²⁵]

173 569 294 635 Agit
326 569 406 616 hic
439 568 772 616 Terentianus
805 568 866 615 de
900 570 1136 631 anapaesti
1166 571 1216 618 in
1238 587 1382 620 versu
1403 571 1604 622 heroico

170 654 279 711 post
301 648 570 711 spondeum
591 646 832 695 venientis
864 646 1184 697 incommodo.
1243 651 1309 698 At
1336 651 1606 718 cujusmodi

170 723 528 773 incommodum
574 739 843 789 suggerere
886 724 1107 783 voluerit,
1165 732 1341 790 quotus
1398 728 1606 792 quisque

170 800 375 849 obsecro
413 817 475 849 ex
511 800 713 866 vulgata
747 799 958 850 lectione
1001 801 1218 851 divinare
1261 802 1478 867 poterit?
1531 803 1617 854 Ni.

171 892 250 923 me
273 876 438 924 omnia
460 876 650 935 fallunt,
685 877 884 925 totidem
918 878 1079 949 verbis
1113 879 1181 928 sic
1215 880 1408 944 scripsit
1430 881 1607 931 Gram—

172 953 403 1004 maticus:

240 1040 365 1089 Post
382 1043 651 1105 spondeum
673 1045 843 1091 auffim
867 1047 940 1090 sic
955 1044 1172 1102 ve‘n'ffinS,
1195 1049 1350 1092 mutet
1370 1052 1571 1110 oportet,

312 1118 377 1166 Ut
397 1119 489 1168 iste
509 1136 686 1169 versus
693 1119 809 1185 jam
832 1121 985 1180 docet,
1010 1121 1170 1184 legem
1191 1123 1348 1172 metm‘.

172 1207 369 1273 Nempe
391 1226 455 1277 ex
475 1210 567 1258 hac
587 1210 797 1270 lectione
814 1211 1040 1260 discimus
1062 1218 1365 1276 anapaestum
1388 1214 1608 1277 spondeo

172 1288 442 1354 subjectum
465 1290 582 1340 illud
603 1292 655 1340 in
679 1307 731 1339 se
752 1291 856 1340 vitii
878 1291 1075 1350 habere,
1112 1293 1244 1355 quod
1275 1292 1437 1357 legem
1464 1294 1612 1343 metri

172 1365 394 1414 immutet
407 1387 429 1423 ,·
466 1369 560 1416 hoc
584 1374 673 1427 est,
697 1374 904 1416 metrum
922 1369 1170 1417 heroicum
1192 1369 1244 1417 in
1260 1371 1608 1434 anapaesticum

174 1443 480 1494 convertat.2⁶

211 1565 277 1600 25.
291 1567 313 1586 ‘⁴
323 1562 451 1600 Lectio
458 1563 615 1614 vulgata
621 1564 674 1601 sic
685 1576 723 1600 se
731 1563 863 1600 habet:

176 1625 272 1663 Post
299 1625 494 1675 spondeum
538 1631 660 1663 autem
707 1626 865 1673 veniens,

172 1689 226 1728 sic
242 1694 359 1728 mutet
375 1694 535 1738 oportet,
562 1689 624 1727 Ut
646 1690 718 1727 iste
742 1702 868 1727 versus

160 1757 249 1805 jam
265 1755 369 1792 docet
387 1754 501 1806 legem
518 1755 636 1793 metri.
679 1755 866 1805 Equidem

171 1819 339 1858 divinare
366 1832 507 1870 nequeo
539 1819 627 1870 quid
648 1824 797 1858 tantum
826 1820 866 1857 in

170 1871 452 1935 typographum
475 1884 742 1931 commiserim,
770 1883 867 1922 utin

173 1960 284 1986 versu
300 1948 420 1997 priore
436 1965 492 2000 τῳ
516 1948 660 1985 veniens
686 1947 869 1998 anapaesti

174 2018 282 2050 notas
324 2011 639 2073 supgrscribendo,
687 2017 799 2062 atque
829 2012 869 2049 in

175 2075 292 2115 altero
335 2082 422 2126 post
458 2076 564 2113 docet
598 2074 868 2125 distinguendo,

175 2139 442 2179 emendationis
475 2139 612 2190 alioqui
654 2139 869 2189 neutiquam

176 2206 298 2244 obviae
358 2205 509 2243 laudem
575 2203 869 2255 qualemcunque

178 2269 272 2307 mihi
303 2269 487 2307 inviderit.
543 2269 617 2307 Sed
649 2268 749 2306 enim
790 2267 869 2306 fato

178 2332 301 2371 nescio
318 2346 390 2383 quo
415 2333 463 2369 ab
490 2333 597 2371 annis
618 2332 759 2382 aliquot
774 2331 869 2369 mihi

176 2411 357 2449 perquam
384 2397 597 2435 solemniter
623 2409 693 2434 usu
711 2395 814 2434 venit
829 2400 871 2434 ut

176 2464 225 2502 ab
259 2461 486 2508 hominibus,
531 2461 576 2500 de
614 2462 746 2512 quibus
777 2461 870 2498 bene

177 2525 454 2577 quodammodo
481 2524 634 2564 mefitus
655 2525 741 2573 sim,
770 2524 869 2563 male

178 2589 346 2628 vicissim
362 2589 536 2627 habear.'’
564 2588 673 2627 R.D.
701 2588 869 2627 Addend.

180 2657 218 2689 et
237 2652 454 2703 Corrigend.

237 2716 302 2757 26.
330 2718 550 2757 Erotianus:
579 2716 802 2773 Κενὲβρεια,
818 2719 891 2758 τά·

185 2787 372 2836 πεκριμαΐα
401 2781 491 2835 κρέα
526 2780 625 2823 οὕτω
655 2784 869 2821 καλοῦνται·

547 1445 702 1510 Cujus
723 1445 796 1492 rei
819 1445 1092 1508 exemplum
1113 1462 1280 1494 versus
1300 1448 1449 1511 prior,
1483 1449 1556 1496 uti
1577 1464 1609 1496 a

920 1564 967 1600 ω’ς·
983 1562 1289 1615 ”Αρισ·τοφα’νης,
1319 1568 1381 1603 οὐκ
1400 1565 1498 1606 {com
1518 1566 1613 1608 κενέ-

919 1625 1063 1678 βρειον·
1084 1626 1188 1664 ’ὅταν
1205 1626 1288 1674 Hunc
1308 1645 1358 1676 τι,
1388 1635 1499 1667 καλεῖ
1515 1646 1575 1678 με.
1587 1641 1610 1662 ¹

912 1689 1011 1727 ''Ou’x
1044 1689 1141 1729 ἐ’σθω
1175 1691 1363 1748 κενέβρει’,
1391 1695 1541 1732 ὁπόταν
1573 1695 1614 1735 δὲ

919 1752 1003 1798 θῦης
1021 1771 1073 1800 τι,
1103 1754 1205 1793 κάλει
1230 1771 1289 1803 με.
1325 1762 1351 1780 “
1371 1758 1501 1796 haberi
1528 1759 1611 1797 haec

918 1823 1074 1867 possunt
1100 1831 1168 1868 pro
1196 1820 1438 1870 Anapaestico
1468 1824 1616 1862 Aristo·

919 1882 1105 1931 phaneo,'’
1147 1884 1268 1935 inquit
1306 1885 1475 1936 Heringa
1519 1887 1614 1926 Obs.

920 1958 959 1995 p.
980 1945 1084 1994 165„
1114 1952 1139 1970 “
1160 1949 1220 1986 cui
1236 1950 1284 1986 ab
1306 1949 1410 1993 initio
1428 1951 1615 2001 sesquipes

921 2010 1024 2048 deest
1039 2011 1068 2048 :”
1096 2011 1268 2060 Minime,
1286 2013 1434 2051 Medice
1448 2015 1617 2054 eruditis-

922 2074 1030 2121 sime,
1058 2082 1180 2124 potest
1207 2090 1286 2128 esse
1305 2091 1392 2127 pars
1411 2080 1616 2119 tetrametn‘

923 2139 1139 2188 anapaestici
1156 2140 1195 2177 in
1218 2141 1338 2189 primo
1355 2143 1446 2191 pede
1463 2143 1588 2181 manci
1605 2158 1616 2189 ;

923 2204 1022 2254 prior
1038 2204 1138 2242 enim
1156 2205 1304 2256 syllaba
1319 2208 1414 2245 θύειν
1429 2221 1615 2258 nusquam

923 2266 1130 2316 corripitur,
1183 2274 1221 2306 et
1264 2272 1385 2319 anap.'
1420 2271 1614 2321 Aristoph.

923 2343 1107 2369 caesuram
1150 2338 1235 2381 post
1277 2341 1451 2383 quartum
1482 2336 1613 2385 pedem

923 2396 1051 2445 exiglt.
1075 2395 1122 2432 R.
1138 2396 1182 2433 P.
1211 2397 1259 2433 ad
1277 2397 1398 2447 Toup.
1417 2396 1507 2436 464.
1524 2397 1614 2437 506.

923 2457 1145 2511 κενὲβρειον,
1163 2455 1403 2511 ‘'ivan—legit
1419 2462 1466 2498 R.
1482 2462 1526 2498 B.
1552 2462 1616 2499 sed

923 2537 1011 2561 cum
1042 2523 1263 2578 κενέβρειον,
1312 2527 1519 2572 morticina,
1554 2540 1616 2566 me

922 2589 1617 2636 observassehaudmeminedm‚abeat

924 2651 1107 2701 particula
1131 2652 1184 2699 δὲ,
1211 2658 1248 2690 et
1278 2652 1497 2692 habebimus
1523 2655 1615 2692 hex-

924 2722 1124 2763 ametrum,
1141 2730 1215 2769 quo
1232 2731 1320 2756 usus
1337 2724 1394 2756 est
1410 2718 1587 2757 Comicus
1602 2733 1610 2756 :

924 2782 1009 2821 vide
1025 2782 1203 2821 Brunckii
1217 2782 1388 2821 Addend.
1401 2783 1450 2821 ad
1465 2783 1524 2820 Fr.
1539 2782 1611 2819 inc.
