1864 3132
629 589 1230 652 LECTORI

907 747 958 796 s,

313 932 436 1011 Ar
496 978 595 1026 quo
659 965 792 1009 tuam
843 960 995 1010 ⁴hodie
1042 961 1203 1009 nescio
1250 979 1408 1026 quam,
1471 962 1510 1010 si
1554 961 1646 1010 diis

210 1039 384 1106 placet,
420 1037 738 1104 farraginem?
785 1038 933 1086 Aliud
982 1038 1162 1086 scilicet
1195 1038 1376 1087 dudum
1412 1038 1562 1087 fecisti
1592 1045 1649 1085 ut

209 1132 265 1177 a?
293 1125 343 1162 te
396 1111 766 1180 expectassemus,
847 1113 1053 1162 Miltom·
1103 1113 1285 1162 Graeca
1331 1113 1648 1177 metaphrasis

209 1191 359 1258 coepit
403 1191 655 1248 institui¹;
713 1208 799 1240 cur
842 1190 1160 1239 Mescellanea
1214 1191 1408 1239 tandem
1460 1189 1649 1239 Critica

208 1271 418 1321 exeunt?
484 1271 706 1320 Profecto
731 1270 818 1318 tibi
845 1287 940 1317 non
980 1277 1052 1317 sat
1075 1270 1328 1317 commode
1350 1268 1648 1334 temporibus

209 1349 316 1401 h‘aec
347 1357 459 1398 sunt
493 1349 670 1397 devisa.
740 1347 814 1396 At
836 1347 934 1397 noli
956 1364 1128 1414 quaeso,
1168 1364 1196 1394 ο
1221 1347 1351 1405 bone,
1367 1346 1481 1411 plus
1503 1345 1649 1394 nimio

159 1446 161 1450 ⁴
207 1426 398 1476 soevire.
469 1425 600 1475 Olim
623 1425 826 1492 quidem,
851 1425 1068 1473 absoluta
1102 1424 1308 1471 Paradisi
1333 1423 1509 1472 Amissi
1535 1422 1649 1470 libri

199 1502 357 1568 primi
378 1503 608 1561 versione,
643 1502 940 1550 eruditorum
960 1501 1100 1566 genti
1123 1518 1225 1548 rem
1249 1500 1377 1549 haud
1400 1500 1650 1564 ingratam

202 1585 542 1645 proestaturus
601 1577 721 1626 mihi
762 1577 973 1635 videbar,
1027 1577 1069 1624 si
1111 1575 1236 1624 illud
1273 1576 1430 1640 operis
1472 1575 1651 1640 incepti

206 1673 454 1731 women
456 1653 645 1722 publici
660 1653 804 1721 juris
818 1651 1067 1720 fecissem.
1142 1652 1325 1702 Verum
1345 1653 1583 1701 enimvero

378 1772 448 1818 Ον
471 1787 639 1816 vaureu
665 1763 772 1817 ειδος
800 1787 902 1813 εστι
930 1788 1002 1814 νυν
1025 1788 1116 1814 των
1142 1767 1470 1830 ἰι-,τκνγμιιιτων.2

206 1879 554 1953 Metaphram’n
584 1886 751 1952 utique
781 1901 873 1950 pro
909 1901 967 1932 ea
997 1901 1092 1950 qua
1116 1890 1231 1932 tunc
1258 1884 1483 1949 temporis
1499 1883 1650 1948 polle-

160 1999 163 2003 ·
208 1967 318 2016 bam
343 1965 511 2015 Groeci
543 1965 774 2014 sermonis
798 1964 984 2028 peritia
1016 1963 1347 2027 conscriptam,
1390 1964 1525 2012 hodie
1546 1982 1652 2014 cum

192 2043 308 2111 jam
346 2047 530 2108 egomet
570 2058 675 2090 mea
706 2041 901 2089 vineta³
938 2039 1119 2088 coedere
1137 2039 1336 2099 valeam,
1377 2039 1652 2088 soloecismz's

206 2127 392 2170 scatere
414 2119 633 2184 comperi.
698 2117 841 2169 Quod
860 2115 1183 2184 infortunium
1206 2117 1257 2165 in
1275 2125 1471 2167 coeteros
1486 2116 1652 2168 itidem

210 2213 429 2263 quosque,
465 2196 548 2263 qui
583 2212 613 2243 a
648 2193 838 2243 soeeulis
866 2194 1211 2242 recentioribus
1255 2194 1427 2243 Groece
1444 2196 1652 2245 scribere

210 2281 482 2332 tentarunt,
507 2274 676 2322 cadere
694 2272 941 2322 dicendum
959 2279 1048 2321 est.
1124 2272 1275 2338 Cajus
1298 2274 1386 2333 rei,
1409 2281 1467 2321 ut
1486 2291 1517 2321 a
1534 2274 1649 2322 meis

210 2351 457 2400 erroribus
478 2352 673 2399 initium
682 2349 896 2416 faciam,
921 2350 1104 2415 insigni
1124 2350 1332 2414 exemplo
1351 2369 1449 2399 esse
1464 2352 1650 2416 poterit

209 2431 366 2495 ipsam
390 2429 514 2478 illud
535 2428 660 2495 quod
684 2429 798 2479 olim
820 2428 1011 2478 exhibui
1029 2428 1260 2477 version-is
1281 2429 1516 2493 specimen
1531 2451 1548 2477 .·

297 2589 334 2621 1.
362 2581 468 2621 Vide
505 2581 792 2633 Appendicem‚
829 2594 901 2633 pp.
953 2592 1030 2619 non
1052 2579 1176 2618 bonas
1208 2579 1338 2618 facere
1366 2580 1507 2621 maluit
1533 2581 1649 2619 Daw-

212 2649 339 2693 7*—l
350 2650 438 2694 1*.,·
454 2652 496 2685 et
514 2646 614 2684 Hor.
634 2649 685 2685 A.
704 2647 748 2685 P.
770 2652 836 2686 21.
957 2644 1076 2685 esius.
1090 2643 1208 2684 Conf.
1223 2645 1271 2682 R.
1284 2645 1328 2683 P.
1344 2645 1492 2691 Tracte,
1503 2650 1552 2696 p.
1569 2650 1647 2690 53„

296 2716 335 2750 2.
366 2711 462 2749 Eur.
484 2710 570 2748 Ion.
590 2714 681 2754 597.
731 2709 904 2748 Fabulas
958 2716 1001 2750 et
1018 2711 1096 2750 PR.
1117 2709 1184 2747 xli.
1215 2709 1298 2747 xlii.

215 2772 352 2811 Attico
388 2773 524 2825 lepore
561 2772 742 2811 conditas
773 2773 906 2824 legere
1039 2779 1078 2814 3.
1107 2774 1208 2813 Hor.
1229 2772 1358 2825 Epist.
1379 2771 1594 2812 11.i.-220.

217 2849 337 2890 quam
359 2850 408 2877 ex
427 2837 606 2891 Anglicis
617 2837 731 2877 bonis
743 2838 907 2878 Graeeas
