1864 3132
857 226 959 294 553

193 317 336 386 Quod
370 326 552 392 utique.
569 327 718 394 vulgo
751 329 819 378 ibi
855 337 1081 381 exaratur
1122 354 1271 390 αεικες,
1318 339 1618 396 anapaestum

189 400 241 448 in
287 403 562 452 secunda²⁶⁵
595 406 708 454 sede
747 414 917 456 contra
949 409 1125 458 senarii
1163 410 1339 476 tragici
1381 410 1618 462 rationem

189 477 402 540 praefert.

327 570 384 619 V.
410 583 510 626 948.
570 579 816 639 Προσελθε,
850 599 917 625 και
953 578 1142 639 ξυνευνος
1174 601 1250 633 μοι

571 657 660 709 Την
685 659 955 718 ευφροσυνην
984 654 1097 706 ὁπως
1126 652 1262 720 εσει.]

190 737 220 767 *
240 740 272 760 “
294 736 497 796 Accede,
549 746 595 787 et
626 755 817 789 mecum
868 741 1195 790 concumbens
1251 741 1621 791 delectationem
1652 746 1750 797 318

874 818 1009 866 Verti
1035 819 1172 881 quasi
1195 819 1367 871 fuisset
1389 820 1619 883 scriptum

189 818 223 837 “
244 829 425 863 noscas
447 822 494 863 et
516 817 802 879 experiaris.

190 894 223 914 “
245 913 357 958 εισῃ,
381 892 459 940 vel
479 893 642 942 Attice
665 900 815 944 εισι-αἶ’
859 893 989 943 Tan.
1010 893 1188 943 Faber.
1227 896 1456 945 Profecto
1479 898 1622 946 nimis

190 973 376 1014 certum
415 975 488 1016 est
525 969 743 1019 lectionis
782 971 990 1037 vulgatae
1029 965 1213 1019 nullum
1260 988 1366 1020 esse
1410 988 1621 1023 sensum,

190 1044 370 1101 nullam
406 1048 644 1110 syntaxin.

717 1048 814 1096 Sed
837 1062 998 1111 neque
1037 1046 1286 1106 locutioni,
1327 1064 1474 1112 quam
1511 1064 1622 1112 pro-

189 1120 322 1168 bavit
349 1121 423 1169 vir
457 1123 774 1187 doctissimus,
822 1131 1092 1190 ευφροσυυην
1126 1146 1235 1193 emp,
1274 1125 1442 1178 vsimile
1484 1124 1621 1189 quid-

192 1211 337 1261 quam
377 1199 591 1262 reperire
635 1207 723 1248 est.

807 1201 949 1249 Facit
970 1201 1199 1264 *denique
1243 1202 1473 1250 articulus
1516 1200 1624 1249 voci

190 1278 460 1337 ευφροσυνην
495 1291 656 1324 comes
692 1277 966 1347 adjunctus,
1007 1285 1062 1325 ut
1096 1277 1247 1326 multo
1272 1279 1432 1326 adhuc
1465 1278 1623 1325 minus

191 1347 394 1397 ferenda
432 1351 506 1398 sit.

577 1352 662 1399 T'u
696 1370 812 1402 vero
845 1354 1015 1405 Poetae
1060 1371 1256 1403 manum
1299 1357 1493 1404 tandem
1518 1355 1624 1411 ,ali-

194 1427 389 1489 quando
411 1427 724 1476 instauratam
750 1446 963 1494 agnosce
984 1451 996 1480 ε

529 1510 780 1570 Προσελθε,
813 1529 884 1554 και
918 1502 1110 1568 ξυνευνος
1143 1530 1215 1563 μοι

527 1590 617 1642 Την
651 1585 1165 1650 ΕΥΦΡΟΝΗΝἳὸὃγοπ-ως
1199 1608 1305 1634 εσει.

195 1709 305 1742 mort.
336 1716 477 1756 peregr.
510 1715 584 1752 111,
620 1709 711 1743 331.
747 1706 794 1743 ab
828 1704 884 1743 Is.

202 1766 333 1805 Vossio
349 1768 398 1805 ad
416 1768 556 1808 Catuli,
586 1782 623 1819 p.
642 1774 706 1807 42.
735 1770 884 1816 citatus,

195 1832 299 1880 μετιὶ
315 1832 462 1871 πολλοῖς·
478 1831 599 1871 ἄλλας
617 1836 734 1872 αἰκίας
755 1843 884 1872 τελειι·

197 1896 355 1934 vim-oe.
396 1896 468 1946 leg.
497 1898 766 1935 τελευτῶντες.
812 1898 884 1935 hoc

195 1960 446 2019 estttaadeng
475 1948 645 1998 demum?
682 1960 732 1998 R.
748 1960 797 2001 B.

248 2022 342 2063 265⁷.
373 2024 459 2074 Iph.
479 2027 529 2062 A.
547 2023 640 2063 652.
669 2024 749 2063 Οὐκ
778 2024 844 2064 οἶδ’
862 2026 886 2063 ὃ

196 2088 280 2142 φῇς,
307 2088 372 2126 οὒκ
390 2086 488 2136 οἶδα,
519 2092 679 2141 φίλτατ’
701 2089 730 2128 ὦ
744 2092 884 2144 πάτερ.

197 2152 384 2190 Heatlzius
410 2160 454 2191 et
486 2154 743 2193 Marklandus.
789 2156 885 2194 Vul-

197 2223 287 2268 gata
301 2217 339 2263 ὅ,
368 2234 406 2255 τι
435 2219 521 2271 φῇς,
549 2225 586 2256 et
612 2222 776 2271 φίλτατ’
803 2221 883 2269 ἐμοὶ

198 2299 240 2320 π.
270 2281 385 2319 Herc.
405 2282 491 2319 Fur.
515 2282 631 2321 1256.
670 2285 769 2335 Lege
784 2287 885 2338 Πρὸς

198 2346 389 2385 ΝΟΥΘΕ
400 2345 567 2383 ΤΕῙΑΣ
579 2347 660 2385 σάς·
682 2348 885 2401 α’ναπτῦξω

198 2409 239 2450 δέ
255 2426 329 2448 σοι.
358 2408 408 2446 R.
425 2409 471 2446 P.
500 2410 641 2448 Advss.
661 2424 696 2460 p.
716 2411 808 2450 306.
838 2414 885 2450 n.

198 2476 385 2514 νουθεσίας
417 2474 486 2511 σοῖς·
523 2474 612 2511 Ald.
647 2493 676 2512 ν.
716 2477 785 2514 ταὶς
814 2478 886 2527 φάς

199 2537 310 2575 tacite
330 2536 543 2582 Rammius,
565 2539 796 2584 νουθετήσεις·
815 2541 885 2578 σείς

199 2594 392 2640 revocavit
424 2601 588 2639 Pierson.
621 2603 668 2639 ad
701 2604 811 2642 Moer.
852 2619 888 2654 p.

204 2668 295 2711 270.
312 2679 324 2710 ;
351 2671 388 2702 et
404 2671 614 2703 revocasset
631 2664 682 2703 R.
697 2665 746 2704 P.
756 2681 771 2710 ;
800 2680 890 2704 nam

203 2727 252 2765 ad
288 2727 382 2767 ΗΒΕ.
420 2729 512 2773 746.
553 2730 615 2766 ubi
651 2729 891 2784 “ε’παρκεὶαν

206 2789 295 2828 Ald.
323 2797 360 2830 et
382 2792 463 2830 edd.
503 2791 704 2846 ε’πιίρκεσιν
733 2795 891 2833 reduxit.

940 1705 1025 1755 Iph.
1040 1707 1090 1743 A.
1114 1710 1228 1751 1193.
1241 1705 1387 1744 Παίδων
1398 1707 1444 1752 α’,
1463 1705 1562 1744 ὅτων
1581 1705 1628 1745 d*-

939 1768 989 1806 R.
1003 1768 1049 1806 P.
1067 1770 1115 1806 ad
1132 1769 1202 1806 Ph.
1216 1773 1355 1814 1373.;
1383 1768 1629 1807 confiTroad.

939 1838 1032 1872 350.
1069 1835 1116 1871 ab
1150 1833 1300 1871 Eldilcio
1336 1833 1556 1872 inchoatum
1590 1834 1630 1871 in

942 1900 1053 1949 Susp.
1106 1900 1214 1948 Spec.
1260 1912 1296 1948 p.
1329 1903 1396 1937 42.
1454 1897 1628 1949 AEschyl.

940 1963 984 1999 P.
1000 1963 1050 2000 V.
1072 1967 1166 2001 353.
1208 1964 1348 2012 Agam.
1377 1964 1467 2000 513.
1485 1958 1490 1962 ’
1510 1960 1561 1998 R.
1581 1960 1628 1998 P.

938 2018 987 2064 ad
1024 2027 1093 2064 Or.
1127 2031 1216 2064 485.
1261 2027 1332 2064 Ph.
1362 2024 1476 2064 1651.
1524 2024 1628 2063 Med,

939 2096 1031 2130 284.
1068 2091 1153 2141 Iph.
1181 2093 1230 2128 A.
1261 2095 1352 2128 508.
1384 2094 1464 2136 899
1497 2090 1565 2139 (R.
1582 2090 1629 2127 P.

939 2157 1016 2195 Pa.
1036 2158 1157 2207 xxii.)‚
1186 2156 1271 2205 Iph.
1289 2156 1336 2193 T.
1356 2157 1449 2194 335.
1478 2155 1630 2206 Musgr.

942 2226 1058 2265 1174.
1090 2221 1285 2273 Gaisford.
1315 2220 1403 2257 Hel.
1422 2218 1485 2260 86.

994 2284 1085 2324 266.
1112 2291 1135 2309 “
1156 2286 1228 2335 leg.
1258 2284 1471 2338 εὖφρόνην.”
1513 2284 1563 2322 R.
1583 2283 1629 2322 Β.

941 2352 1012 2396 τήν
1026 2350 1206 2404 εὐφρόνην
1216 2350 1440 2387 confirmant
1452 2348 1629 2387 Brunckii

942 2414 1061 2451 MSS.
1090 2420 1127 2451 et
1148 2413 1246 2451 Rav.
1287 2419 1310 2437 “
1331 2419 1442 2464 atque
1460 2413 1628 2465 italcitat

941 2478 1107 2527 Toupius
1143 2477 1234 2515 Cur.
1271 2479 1425 2516 Noviss.
1462 2479 1501 2515 in
1530 2477 1631 2514 Suid.

940 2556 976 2591 p.
991 2547 1066 2580 138
1084 2544 1225 2592 (187).’'
1244 2542 1294 2581 R.
1305 2544 1350 2581 P.
1362 2543 1459 2592 apud
1472 2545 1515 2581 P.
1525 2544 1568 2580 P.
1578 2540 1632 2578 D.

944 2607 1144 2645 Conf.AEs.
1157 2609 1261 2646 Pers.
1278 2613 1367 2652 179.
1383 2612 1473 2645 221.
1494 2607 1633 2657 Agam.

945 2668 1036 2708 266.
1059 2675 1149 2708 280.
1168 2674 1260 2709 338.
1280 2675 1371 2713 527.
1413 2669 1525 2706 Eum.
1542 2667 1634 2714 689.

944 2735 1061 2784 Soph.
1087 2736 1147 2773 El.
1172 2740 1259 2780 19.;
1287 2736 1325 2772 in
1346 2734 1475 2772 AEsch.
1504 2732 1635 2784 Suppl.

944 2797 1038 2845 689.
1064 2799 1158 2851 lege,
1188 2798 1338 2853 Σχήσει
1357 2800 1443 2836 κατ’
1460 2796 1559 2852 ἦμαρ
1577 2797 1647 2836 καὶ·
