1864 3132
862 169 963 237 499

331 271 687 323 zonam-eroum
714 278 938 335 λογοισιν·
974 272 1028 323 ὥς
1055 274 1216 319 ενταυθ
1245 279 1421 328 ΕΜΕΝ,

262 402 265 405 ⁴
291 412 294 414 v
331 356 378 399 lv
410 373 537 399 ουκετ
568 372 717 398 οκνειν.
737 373 895 416 tempos,
931 358 1022 399 αλλ
1055 372 1200 415 εργων
1233 372 1361 407 ακμη.

186 460 429 528 *Conferte
450 460 655 510 consilia
672 477 688 507 :
722 460 793 509 ibi
814 459 945 509 enim
966 475 1146 517 sumus,
1175 457 1261 506 ubi
1281 474 1382 506 non
1408 455 1622 520 amplius

194 537 420 603 segnitie&
445 537 770 594 datwtleocus,
805 536 893 584 sed
924 536 1078 584 instat
1103 535 1208 597 ipse
1228 533 1416 598 agendi
1436 533 1622 582 articu-

193 615 286 663 lus.
359 616 646 680 Portentum
678 616 818 667 dico:
856 629 1015 679 neque
1051 614 1178 661 enim
1214 635 1314 669 εμεν
1351 615 1449 676 pro
1474 634 1623 670 εσμεν,

193 707 256 739 ne
279 692 488 755 Ionibus
504 693 712 757 quidem,
749 693 925 740 nedum
953 690 1344 747 AtheniensibuS‚
1379 690 1450 736 uti
1474 690 1623 752 *per-
1660 696 1756 737 282

194 768 388 815 missum
429 775 514 816 est.
585 767 832 818 Praeterea
867 767 1122 824 sententia,
1174 765 1243 813 ibi
1276 766 1406 814 enim
1444 781 1623 824 sumus,

144 871 148 874 -
192 842 280 891 ubi
311 842 413 906 ipsc
446 843 600 913 instat
622 844 812 908 agendi
833 842 1097 900 articuluS,
1130 842 1251 889 falsa
1272 849 1370 891 est:
1409 843 1623 889 nondum

192 918 319 964 enim
359 935 419 965 eo
457 926 705 976 venerant,
746 920 830 966 sed
869 919 982 965 ituri
1027 925 1215 982 tantum
1262 925 1414 966 erant.
1451 918 1523 965 uti
1564 934 1626 966 ex

192 1009 331 1041 versu
357 1005 425 1045 75.
461 995 759 1060 apertissime
782 1000 1002 1043 constat:

326 1119 405 1176 Νῳ
439 1113 463 1161 δ
499 1123 735 1163 ΕΞΙΜΕΝ.
772 1136 914 1180 tempos*
948 1135 1058 1179 Ὑαρ,
1090 1112 1447 1180 ὁσπερανδρασι

326 1196 566 1260 Μεγςστος
600 1213 737 1255 εργου
761 1213 936 1243 ,παντος
970 1214 1055 1240 εστ
1089 1213 1348 1248 επιστατης.

190 1317 477 1383 Nos-autem
497 1320 680 1367 eximus
709 1321 758 1383 (l.
776 1321 1050 1383 exibimus).
1094 1319 1299 1369 Occasio
1324 1319 1454 1368 enim
1461 1318 1623 1382 jubet,

192 1413 299 1462 qua:
322 1397 600 1445 hominibus
622 1399 842 1446 maxima
862 1399 915 1446 in
938 1399 1071 1446 omni
1100 1414 1243 1460 opere
1266 1404 1338 1445 est
1358 1396 1621 1460 magistra.

192 1473 290 1521 Sed
329 1490 392 1520 ne
426 1489 534 1521 cum
568 1475 957 1536 praecedentibus
993 1474 1204 1537 quidem,
1257 1471 1476 1521 Consilia
1511 1488 1625 1520 con-

174 1550 328 1615 ferte,
364 1550 609 1597 conciliari
635 1549 809 1613 potest.
881 1550 1072 1613 Quippe
1107 1548 1425 1597 consiliorum
1458 1548 1624 1613 conse·

191 1626 457 1673 rendorum
481 1632 685 1688 tempus,
710 1632 857 1690 atque
883 1626 987 1687 ipse
1010 1625 1197 1688 agendi
1217 1625 1464 1674 articulus
1486 1620 1626 1671 simul

191 1694 452 1751 consistere
517 1697 786 1763 nequeunt.
878 1700 1114 1748 Rescribo
1173 1716 1288 1748 vero
1344 1689 1623 1754 certissima,

192 1775 378 1837 opinor,
414 1776 752 1824 emendatione

742 1881 796 1932 ὦς
828 1885 990 1930 cuv-avo
1023 1889 1166 1928 IMEN
1183 1880 1239 1910 19⁷

198 1998 424 2065 Conferte
458 1998 664 2046 consilia
686 2015 702 2044 .·
755 2014 810 2044 eo
850 1998 980 2046 enim
1017 1998 1131 2045 ituri
1173 2012 1353 2054 sumus,
1399 1994 1487 2061 ubi
1520 1993 1623 2056 ipse

191 2077 379 2142 agendi
423 2076 622 2123 instabit
666 2075 925 2124 articulus.
995 2074 1110 2122 Jam
1158 2075 1305 2124 vides,
1334 2071 1621 2119 sententiam

191 2172 302 2215 cum
325 2156 416 2203 sibi
439 2171 583 2219 quam
607 2147 790 2218 optime
824 2160 1063 2210 constare,
1104 2160 1205 2201 tum
1248 2152 1391 2200 etiam
1430 2148 1491 2197 ad
1530 2148 1623 2197 loci

182 2231 288 2296 jam
329 2230 509 2279 laudati
528 2230 690 2278 *fidem
722 2231 868 2295 exigi,
916 2232 965 2278 in
1012 2247 1110 2294 quo
1155 2230 1325 2293 utique
1370 2227 1621 2282 habeatur,

195 2311 272 2369 Νῳ
294 2305 318 2353 δ
342 2314 561 2357 ΕΞΙΜΕΝ

191 2467 215 2485 “
232 2461 315 2499 The
340 2460 461 2498 minor
477 2458 584 2509 longs
615 2465 653 2495 to
669 2459 714 2495 be
732 2463 773 2495 at
795 2470 877 2508 age,
929 2463 977 2506 et,
988 2457 1430 2505 utvidetur,Harl.recte;
1446 2458 1621 2496 Orestem

191 2523 281 2562 then
298 2530 337 2560 to
351 2524 394 2560 be
406 2535 429 2559 a
444 2535 533 2559 man
547 2521 590 2558 of
599 2520 774 2564 business,
788 2520 879 2558 then
931 2528 968 2559 et
977 2522 1159 2572 Pyladem
1170 2522 1369 2572 alloquitur
1379 2516 1620 2570 Paedagogioe,

192 2590 230 2622 to
261 2585 371 2622 make
402 2598 450 2634 up
487 2596 535 2621 an
565 2588 694 2630 estate,
725 2583 814 2621 then
842 2588 879 2620 to
932 2591 975 2623 ut
991 2586 1028 2622 in
1048 2598 1085 2623 v.
1109 2584 1170 2623 16.
1213 2586 1297 2623 vide
1325 2585 1373 2623 R.
1392 2584 1439 2621 P.
1472 2584 1619 2627 'Prae-ts,

195 2648 314 2686 arrive
331 2650 372 2686 at
384 2649 560 2693 honours,
579 2647 667 2684 then
684 2653 722 2685 ω
739 2648 880 2685 retire.'’
932 2663 970 2701 p,
988 2655 1080 2689 221,

246 2711 603 2768 {96.}‘1'mdvr‘ree'rov
623 2711 740 2749 MSS.
760 2710 879 2749 Hunt.
990 2718 1078 2758 197.
1106 2714 1203 2752 Vide
1220 2725 1332 2763 supra
1347 2725 1385 2762 p.
1401 2716 1439 2756 9.
1462 2715 1500 2748 et
1519 2707 1618 2747 Add.

223 2783 226 2786 ”
253 2778 259 2790 “
1113 2780 1115 2783 ⁴
1216 2779 1218 2782 ’
1239 2782 1262 2815 :3
1281 2789 1306 2813 ‘r
