1864 3132
946 221 1014 270 52

527 330 669 379 Alias
693 335 860 378 tamen
882 328 983 377 hoec
1007 328 1175 378 eadem
1190 345 1331 392 pare,

535 405 772 467 Quotiens
794 405 1139 472 ithyphallicon
1163 405 1304 455 addit

532 482 755 532 Metram
779 482 888 542 sibi,
924 483 1024 532 tale
1030 483 1100 549 fit
1123 500 1310 532 unum:

332 582 451 631 Mea
472 580 591 628 tibia
613 580 774 630 dicere
797 598 962 631 versus
992 579 1000 648 Ι
1031 581 1213 630 destitit
1234 580 1409 629 latinos
1430 598 1440 629 :

332 659 618 707 Iamdudum
642 660 805 708 saucia
828 675 945 708 cura
975 658 983 726 Ι
1014 660 1194 708 deserit
1215 659 1450 723 pudorem
1473 676 1484 707 ε

333 737 615 801 Priamique
638 745 857 786 evertere
880 744 1079 803 gentem
1113 735 1120 803 Ι
1151 737 1253 784 fata
1266 736 1370 802 jam
1394 734 1646 800 parabant.

333 813 654 879 Ithyphallica
668 831 820 877 porro
847 814 1083 863 dicarunt
1113 812 1119 879 Ι
1150 812 1330 861 musici
1340 819 1516 876 poetce,

338 889 438 950 Qui
461 890 655 939 ludicra
680 891 905 940 earmina
931 889 1131 939 Baccho
1164 888 1171 956 Ι
1201 888 1427 938 versibus
1445 887 1664 952 petulcis

342 966 502 1016 Graio
529 984 642 1016 cum
665 968 843 1017 cortice
865 969 1029 1033 phallo
1060 966 1067 1033 Ι
1097 974 1196 1016 tres
1231 966 1420 1016 dabant
1442 966 1712 1022 trochaeos3

343 1039 613 1092 Utnomine
610 1045 682 1109 fit
695 1060 848 1094 sonus
859 1044 980 1108 ipso,
1012 1042 1022 1111 Ι
1053 1044 1264 1102 Bacche,
1278 1042 1712 1101 Bacche,.Bacche.

170 1159 233 1208 26
273 1167 302 1197 ’¹‘
324 1163 543 1212 Metrum
567 1165 738 1229 utique
760 1164 1139 1231 ithyphallicum
1163 1170 1212 1212 et
1226 1163 1506 1227 phallicum
1539 1136 1711 1212 eodem

268 1242 488 1293 recidere
545 1258 689 1290 nemo
745 1243 920 1306 opinor
976 1241 1186 1290 inficias
1206 1241 1308 1289 ibit.
1393 1240 1550 1289 Immo
1595 1254 1712 1288 vero

271 1319 402 1382 quod
437 1319 498 1366 de
537 1335 679 1368 versu
714 1317 1037 1384 ithyphallico
1073 1317 1154 1366 hic
1190 1317 1337 1365 tradit
1365 1316 1716 1372 Terentinum,

269 1411 382 1443 eum
417 1394 600 1444 scilicet
633 1394 684 1443 in
722 1394 907 1443 Bacchi
941 1394 1177 1442 honorem
1210 1392 1397 1440 cantari
1421 1391 1630 1449 solitum,
1665 1382 1716 1442 id

269 1472 428 1535 ipsum
467 1473 601 1535 apud
646 1472 950 1520 Scholiasten
990 1471 1053 1518 ad
1092 1469 1339 1518 laudatum
1383 1469 1718 1533 Aristophanis

271 1549 448 1606 locum,
485 1557 535 1607 et
570 1549 766 1597 Suidam
803 1550 853 1597 in
886 1550 943 1597 V.
981 1556 1170 1616 φαλλοι,
1207 1550 1267 1597 de
1292 1548 1512 1613 phallico
1535 1549 1715 1618 dictum

272 1626 487 1690 reperire
511 1634 598 1674 est.

275 1739 560 1805 Pag.97.1
586 1739 770 1802 penult.

343 1820 484 1873 E'o'cin
507 1825 653 1873 tertia
676 1825 854 1873 melius
869 1823 1106 1891 patescit]

278 1920 483 1968 Versum
507 1919 638 1966 hunc
661 1925 854 1982 oportet
889 1936 993 1967 esse
1028 1920 1486 1985 hendecasyllabum
1523 1918 1713 1968 Phalae-

278 1996 423 2054 cium,
479 1995 749 2060 cujusmodi
796 2002 909 2043 sunt
959 2011 1069 2043 cum
1114 1997 1450 2059 praecedentes
1491 2002 1601 2044 tum·
1639 2010 1715 2043 se-

279 2077 500 2136 quentes.
536 2070 688 2133 Atqui
705 2070 901 2135 syllabae
914 2070 1030 2118 meli
1045 2071 1244 2120 trochaei
1258 2071 1365 2119 loco
1382 2070 1714 2136 pyrrhichium

277 2146 578 2217 temporibus
611 2146 903 2209 inaequalem
939 2147 1186 2195 exhibent.
1259 2144 1357 2195 Pro
1391 2146 1568 2195 melius
1600 2162 1718 2194 vero

281 2224 618 2288 reponendum
676 2238 853 2272 censeo
903 2224 1127 2287 planius,
1193 2240 1304 2271 nam
1363 2224 1489 2271 hanc
1545 2238 1715 2275 vocem

281 2299 588 2348 Terentiano
623 2299 885 2348 solemnem
922 2316 1027 2347 esse
1061 2300 1215 2348 video.

352 2406 474 2471 Pag.
507 2418 570 2455 18.
607 2407 637 2454 l.
664 2420 734 2458 25.
773 2425 866 2473 quo
882 2407 1147 2471 probarem
1169 2408 1373 2472 planius.

353 2478 475 2548 Pag.
501 2494 571 2530 20.
608 2485 638 2531 l.
664 2498 704 2533 5.
745 2485 943 2532 Planius
969 2501 1060 2550 quo
1068 2485 1174 2549 fiat
1194 2484 1341 2535 istud.

353 2554 476 2624 Pag.
502 2571 572 2608 25.
609 2560 638 2607 l.
665 2573 735 2609 25.
772 2561 958 2609 videbis
983 2577 1086 2609 esse
1107 2562 1319 2625 planum.

356 2635 478 2700 Pag.
504 2643 574 2684 26.
611 2636 642 2684 l.
670 2649 709 2686 8.
749 2653 841 2702 quo
866 2637 931 2685 sit
951 2638 1156 2701 planius.

357 2714 478 2780 Peg.
504 2725 575 2762 40.
612 2713 642 2760 l.
667 2725 736 2760 21.
774 2714 920 2777 plana
941 2714 1135 2762 ratione
1156 2722 1392 2779 patentes.

358 2791 479 2858 Pag.
505 2797 576 2841 66.
613 2791 644 2839 l.
677 2804 711 2838 1.
752 2807 844 2857 quo
853 2792 958 2857 fiat
978 2793 1167 2857 planius
1191 2793 1341 2844 istud.
