<?xml version="1.0" encoding="UTF-8"?>
<!DOCTYPE html PUBLIC "-//W3C//DTD XHTML 1.0 Transitional//EN"
    "http://www.w3.org/TR/xhtml1/DTD/xhtml1-transitional.dtd">
<html xmlns="http://www.w3.org/1999/xhtml" xml:lang="en" lang="en">
 <head>
  <title>
</title>
<meta http-equiv="Content-Type" content="text/html;charset=utf-8" />
  <meta name='ocr-system' content='tesseract 3.04.00' />
  <meta name='ocr-capabilities' content='ocr_page ocr_carea ocr_par ocr_line ocrx_word'/>
</head>
<body>
  <div class='ocr_page' id='page_1' title='image "./miscellaneacriti00daweuoft_0141.png"; bbox 0 0 1864 3132; ppageno 0'>
   <div class='ocr_carea' id='block_1_1' title="bbox 863 218 932 269">
    <p class='ocr_par' dir='ltr' id='par_1_1' title="bbox 863 218 932 269">
     <span class='ocr_line' id='line_1_1' title="bbox 863 218 932 269; baseline 0 0"><span class='ocrx_word' id='word_1_1' title='bbox 863 218 932 269; x_wconf 82' lang='lat'><strong>69</strong></span> 
     </span>
    </p>
   </div>
   <div class='ocr_carea' id='block_1_2' title="bbox 175 316 1715 932">
    <p class='ocr_par' dir='ltr' id='par_1_2' title="bbox 177 316 1715 466">
     <span class='ocr_line' id='line_1_2' title="bbox 178 316 1715 391; baseline 0.003 -17"><span class='ocrx_word' id='word_1_2' title='bbox 178 333 210 353; x_wconf 89' lang='lat'><em>“</em></span> <span class='ocrx_word' id='word_1_3' title='bbox 233 329 262 357; x_wconf 76' lang='lat'><em>*</em></span> <span class='ocrx_word' id='word_1_4' title='bbox 278 326 375 387; x_wconf 87' lang='lat' dir='ltr'><strong>Qui</strong></span> <span class='ocrx_word' id='word_1_5' title='bbox 391 325 505 373; x_wconf 85' lang='lat' dir='ltr'><strong>hinc</strong></span> <span class='ocrx_word' id='word_1_6' title='bbox 521 322 697 374; x_wconf 74' lang='lat' dir='ltr'><strong>ovidio</strong></span> <span class='ocrx_word' id='word_1_7' title='bbox 712 326 943 375; x_wconf 81' lang='lat' dir='ltr'><strong>dicuntur</strong></span> <span class='ocrx_word' id='word_1_8' title='bbox 963 326 1184 391; x_wconf 64' lang='lat' dir='ltr'><strong>argvti.⁹</strong></span> <span class='ocrx_word' id='word_1_9' title='bbox 1218 316 1373 375; x_wconf 73' lang='lat' dir='ltr'><strong>Aliter</strong></span> <span class='ocrx_word' id='word_1_10' title='bbox 1387 326 1611 390; x_wconf 77' lang='lat' dir='ltr'>plerique</span> <span class='ocrx_word' id='word_1_11' title='bbox 1650 341 1715 378; x_wconf 83' lang='grc'><strong>40</strong></span> 
     </span>
     <span class='ocr_line' id='line_1_3' title="bbox 177 400 1607 466; baseline -0.003 -15"><span class='ocrx_word' id='word_1_12' title='bbox 177 409 210 430; x_wconf 88' lang='lat'><em>“</em></span> <span class='ocrx_word' id='word_1_13' title='bbox 232 403 463 461; x_wconf 89' lang='lat' dir='ltr'><strong>sentiunt,</strong></span> <span class='ocrx_word' id='word_1_14' title='bbox 518 408 569 450; x_wconf 90' lang='lat' dir='ltr'><strong>et</strong></span> <span class='ocrx_word' id='word_1_15' title='bbox 590 435 598 440; x_wconf 84' lang='lat'>-</span> <span class='ocrx_word' id='word_1_16' title='bbox 623 409 878 465; x_wconf 79' lang='lat' dir='ltr'><strong>exponunt</strong></span> <span class='ocrx_word' id='word_1_17' title='bbox 899 421 909 450; x_wconf 92' lang='lat'>:</span> <span class='ocrx_word' id='word_1_18' title='bbox 968 400 1607 466; x_wconf 68' lang='lat' dir='ltr'><strong>nigros-oculos-habemtes.</strong></span> 
     </span>
    </p>

    <p class='ocr_par' dir='ltr' id='par_1_3' title="bbox 178 479 1611 546">
     <span class='ocr_line' id='line_1_4' title="bbox 178 479 1611 546; baseline -0.003 -16"><span class='ocrx_word' id='word_1_19' title='bbox 178 487 210 508; x_wconf 85' lang='lat'><strong><em>“</em></strong></span> <span class='ocrx_word' id='word_1_20' title='bbox 233 481 332 530; x_wconf 88' lang='lat' dir='ltr'><strong>Sed</strong></span> <span class='ocrx_word' id='word_1_21' title='bbox 354 497 413 529; x_wconf 84' lang='lat' dir='ltr'><strong>ea</strong></span> <span class='ocrx_word' id='word_1_22' title='bbox 434 495 550 530; x_wconf 70' lang='lat' dir='ltr'><strong>vera</strong></span> <span class='ocrx_word' id='word_1_23' title='bbox 571 486 644 527; x_wconf 85' lang='lat' dir='ltr'><strong>est</strong></span> <span class='ocrx_word' id='word_1_24' title='bbox 668 494 814 544; x_wconf 82' lang='lat' dir='ltr'><strong>quam</strong></span> <span class='ocrx_word' id='word_1_25' title='bbox 846 479 943 527; x_wconf 84' lang='lat' dir='ltr'><strong>dixi</strong></span> <span class='ocrx_word' id='word_1_26' title='bbox 978 481 1123 546; x_wconf 83' lang='lat' dir='ltr'><strong>hujus</strong></span> <span class='ocrx_word' id='word_1_27' title='bbox 1145 480 1277 529; x_wconf 85' lang='lat' dir='ltr'><strong>vocis</strong></span> <span class='ocrx_word' id='word_1_28' title='bbox 1309 479 1611 544; x_wconf 78' lang='lat' dir='ltr'><strong>[accuratius</strong></span> 
     </span>
    </p>

    <p class='ocr_par' dir='ltr' id='par_1_4' title="bbox 178 553 1612 621">
     <span class='ocr_line' id='line_1_5' title="bbox 178 553 1612 621; baseline -0.003 -14"><span class='ocrx_word' id='word_1_29' title='bbox 178 565 210 584; x_wconf 89' lang='lat'><strong><em>“</em></strong></span> <span class='ocrx_word' id='word_1_30' title='bbox 231 557 429 607; x_wconf 82' lang='lat' dir='ltr'><strong>dixisset</strong></span> <span class='ocrx_word' id='word_1_31' title='bbox 449 555 631 605; x_wconf 76' lang='lat' dir='ltr'><strong>karum</strong></span> <span class='ocrx_word' id='word_1_32' title='bbox 650 553 856 621; x_wconf 77' lang='lat' dir='ltr'><strong>vocum]</strong></span> <span class='ocrx_word' id='word_1_33' title='bbox 881 555 1032 613; x_wconf 89' lang='lat' dir='ltr'><strong>notio,</strong></span> <span class='ocrx_word' id='word_1_34' title='bbox 1057 571 1202 619; x_wconf 85' lang='lat' dir='ltr'><strong>quam</strong></span> <span class='ocrx_word' id='word_1_35' title='bbox 1226 555 1368 603; x_wconf 81' lang='lat' dir='ltr'><strong>facile</strong></span> <span class='ocrx_word' id='word_1_36' title='bbox 1391 555 1612 619; x_wconf 81' lang='lat' dir='ltr'><strong>pluribus</strong></span> 
     </span>
    </p>

    <p class='ocr_par' dir='ltr' id='par_1_5' title="bbox 175 630 1613 932">
     <span class='ocr_line' id='line_1_6' title="bbox 176 630 1611 697; baseline -0.003 -14"><span class='ocrx_word' id='word_1_37' title='bbox 176 641 210 662; x_wconf 88' lang='lat'><em>“</em></span> <span class='ocrx_word' id='word_1_38' title='bbox 232 635 586 693; x_wconf 85' lang='lat' dir='ltr'><strong>confirmarem,</strong></span> <span class='ocrx_word' id='word_1_39' title='bbox 622 633 714 682; x_wconf 88' lang='lat' dir='ltr'><strong>nisi</strong></span> <span class='ocrx_word' id='word_1_40' title='bbox 738 649 814 681; x_wconf 89' lang='lat' dir='ltr'><strong>res</strong></span> <span class='ocrx_word' id='word_1_41' title='bbox 837 634 943 697; x_wconf 86' lang='lat' dir='ltr'><strong>ipsa</strong></span> <span class='ocrx_word' id='word_1_42' title='bbox 973 633 1304 696; x_wconf 84' lang='lat' dir='ltr'><strong>loqueretur.&#39;’</strong></span> <span class='ocrx_word' id='word_1_43' title='bbox 1350 631 1461 680; x_wconf 90' lang='lat' dir='ltr'><strong>Nos</strong></span> <span class='ocrx_word' id='word_1_44' title='bbox 1482 630 1611 679; x_wconf 72' lang='lat' dir='ltr'><strong>inam</strong></span> 
     </span>
     <span class='ocr_line' id='line_1_7' title="bbox 175 707 1613 775; baseline -0.003 -16"><span class='ocrx_word' id='word_1_45' title='bbox 175 711 422 759; x_wconf 88' lang='lat' dir='ltr'><strong>notionem</strong></span> <span class='ocrx_word' id='word_1_46' title='bbox 480 726 541 758; x_wconf 88' lang='lat' dir='ltr'><strong>ex</strong></span> <span class='ocrx_word' id='word_1_47' title='bbox 583 721 701 758; x_wconf 86' lang='lat' dir='ltr'><strong>vera</strong></span> <span class='ocrx_word' id='word_1_48' title='bbox 754 710 1015 775; x_wconf 84' lang='lat' dir='ltr'><strong>verborum</strong></span> <span class='ocrx_word' id='word_1_49' title='bbox 1071 710 1266 774; x_wconf 83' lang='lat' dir='ltr'>origine</span> <span class='ocrx_word' id='word_1_50' title='bbox 1324 707 1613 756; x_wconf 76' lang='lat' dir='ltr'><strong>confirmare</strong></span> 
     </span>
     <span class='ocr_line' id='line_1_8' title="bbox 175 783 1613 856; baseline -0.003 -18"><span class='ocrx_word' id='word_1_51' title='bbox 175 783 278 841; x_wconf 69' lang='lat' dir='ltr'><strong>non,</strong></span> <span class='ocrx_word' id='word_1_52' title='bbox 299 805 462 838; x_wconf 87' lang='lat' dir='ltr'><strong>sumus</strong></span> <span class='ocrx_word' id='word_1_53' title='bbox 484 789 687 856; x_wconf 79' lang='lat' dir='ltr'><strong>gravati.</strong></span> <span class='ocrx_word' id='word_1_54' title='bbox 710 785 945 852; x_wconf 58' lang='lat' dir='ltr'><strong>‘Eamque</strong></span> <span class='ocrx_word' id='word_1_55' title='bbox 962 788 1013 836; x_wconf 89' lang='lat' dir='ltr'><strong>in</strong></span> <span class='ocrx_word' id='word_1_56' title='bbox 1034 787 1270 835; x_wconf 84' lang='lat' dir='ltr'><strong>Versione</strong></span> <span class='ocrx_word' id='word_1_57' title='bbox 1292 803 1354 835; x_wconf 87' lang='lat' dir='ltr'><strong>ex</strong></span> <span class='ocrx_word' id='word_1_58' title='bbox 1378 786 1613 835; x_wconf 87' lang='lat' dir='ltr'><strong>Petronio</strong></span> 
     </span>
     <span class='ocr_line' id='line_1_9' title="bbox 176 863 851 932; baseline -0.003 -17"><span class='ocrx_word' id='word_1_59' title='bbox 176 867 540 932; x_wconf 85' lang='lat' dir='ltr'><strong>exprimendam</strong></span> <span class='ocrx_word' id='word_1_60' title='bbox 565 863 851 914; x_wconf 77' lang='lat' dir='ltr'><strong>curavimus.</strong></span> 
     </span>
    </p>
   </div>
   <div class='ocr_carea' id='block_1_3' title="bbox 171 988 1615 1670">
    <p class='ocr_par' dir='ltr' id='par_1_6' title="bbox 171 988 1615 1670">
     <span class='ocr_line' id='line_1_10' title="bbox 244 988 1611 1056; baseline -0.001 -18"><span class='ocrx_word' id='word_1_61' title='bbox 244 991 301 1038; x_wconf 89' lang='lat' dir='ltr'><strong>V.</strong></span> <span class='ocrx_word' id='word_1_62' title='bbox 322 1003 364 1039; x_wconf 81' lang='lat'><strong>2.</strong></span> <span class='ocrx_word' id='word_1_63' title='bbox 400 1019 466 1025; x_wconf 91' lang='lat'>—</span> <span class='ocrx_word' id='word_1_64' title='bbox 482 989 831 1056; x_wconf 75' lang='grc' dir='ltr'>αναπολιζομεν]</span> <span class='ocrx_word' id='word_1_65' title='bbox 871 995 904 1014; x_wconf 87' lang='lat'><em>“</em></span> <span class='ocrx_word' id='word_1_66' title='bbox 919 995 1252 1050; x_wconf 81' lang='grc' dir='ltr'>Αναπολουμεν,</span> <span class='ocrx_word' id='word_1_67' title='bbox 1277 989 1414 1038; x_wconf 75' lang='lat' dir='ltr'><strong>sicui</strong></span> <span class='ocrx_word' id='word_1_68' title='bbox 1433 988 1611 1052; x_wconf 71' lang='lat' dir='ltr'><strong>placet„</strong></span> 
     </span>
     <span class='ocr_line' id='line_1_11' title="bbox 174 1059 1611 1135; baseline -0.002 -19"><span class='ocrx_word' id='word_1_69' title='bbox 174 1069 396 1117; x_wconf 80' lang='lat' dir='ltr'><strong>retineat.</strong></span> <span class='ocrx_word' id='word_1_70' title='bbox 477 1068 716 1135; x_wconf 76' lang='lat' dir='ltr'><strong>Agnoscit</strong></span> <span class='ocrx_word' id='word_1_71' title='bbox 758 1059 900 1115; x_wconf 57' lang='lat' dir='ltr'><strong>&#39;enim</strong></span> <span class='ocrx_word' id='word_1_72' title='bbox 958 1066 1312 1115; x_wconf 85' lang='lat' dir='ltr'><strong>Scholiastes.”</strong></span> <span class='ocrx_word' id='word_1_73' title='bbox 1388 1064 1611 1114; x_wconf 80' lang='lat' dir='ltr'><strong>Editorr.</strong></span> 
     </span>
     <span class='ocr_line' id='line_1_12' title="bbox 180 1143 1614 1209; baseline -0.003 -15"><span class='ocrx_word' id='word_1_74' title='bbox 180 1145 373 1194; x_wconf 64' lang='grc' dir='ltr'><strong>Οόεοηη.</strong></span> <span class='ocrx_word' id='word_1_75' title='bbox 446 1147 511 1194; x_wconf 90' lang='lat' dir='ltr'><strong>At</strong></span> <span class='ocrx_word' id='word_1_76' title='bbox 545 1146 674 1194; x_wconf 90' lang='lat' dir='ltr'><strong>enim</strong></span> <span class='ocrx_word' id='word_1_77' title='bbox 709 1144 891 1193; x_wconf 89' lang='lat' dir='ltr'><strong>nemini</strong></span> <span class='ocrx_word' id='word_1_78' title='bbox 925 1144 1122 1209; x_wconf 83' lang='lat' dir='ltr'><strong>placere</strong></span> <span class='ocrx_word' id='word_1_79' title='bbox 1157 1144 1354 1208; x_wconf 89' lang='lat' dir='ltr'><strong>poterit,</strong></span> <span class='ocrx_word' id='word_1_80' title='bbox 1407 1143 1500 1190; x_wconf 88' lang='lat' dir='ltr'><strong>nisi</strong></span> <span class='ocrx_word' id='word_1_81' title='bbox 1535 1143 1614 1190; x_wconf 92' lang='lat' dir='ltr'><strong>cui</strong></span> 
     </span>
     <span class='ocr_line' id='line_1_13' title="bbox 175 1217 1614 1290; baseline -0.005 -17"><span class='ocrx_word' id='word_1_82' title='bbox 175 1231 384 1290; x_wconf 79' lang='lat' dir='ltr'><strong>quatuor</strong></span> <span class='ocrx_word' id='word_1_83' title='bbox 420 1222 722 1287; x_wconf 80' lang='lat' dir='ltr'><strong>temporibus</strong></span> <span class='ocrx_word' id='word_1_84' title='bbox 760 1220 855 1269; x_wconf 83' lang='lat' dir='ltr'><strong>tria</strong></span> <span class='ocrx_word' id='word_1_85' title='bbox 893 1220 1101 1284; x_wconf 79' lang='lat' dir='ltr'><strong>aequalia</strong></span> <span class='ocrx_word' id='word_1_86' title='bbox 1136 1219 1445 1269; x_wconf 87' lang='lat' dir='ltr'><strong>videbuntur.</strong></span> <span class='ocrx_word' id='word_1_87' title='bbox 1516 1217 1614 1267; x_wconf 86' lang='lat' dir='ltr'><strong>Sed</strong></span> 
     </span>
     <span class='ocr_line' id='line_1_14' title="bbox 174 1295 1614 1363; baseline -0.003 -15"><span class='ocrx_word' id='word_1_88' title='bbox 174 1298 419 1363; x_wconf 80' lang='lat' dir='ltr'><strong>agnoscit,</strong></span> <span class='ocrx_word' id='word_1_89' title='bbox 460 1299 499 1346; x_wconf 92' lang='lat' dir='ltr'><strong>si</strong></span> <span class='ocrx_word' id='word_1_90' title='bbox 531 1298 622 1346; x_wconf 90' lang='lat' dir='ltr'><strong>diis</strong></span> <span class='ocrx_word' id='word_1_91' title='bbox 657 1297 834 1362; x_wconf 83' lang='lat' dir='ltr'><strong>placet,</strong></span> <span class='ocrx_word' id='word_1_92' title='bbox 876 1295 1189 1345; x_wconf 77' lang='lat' dir='ltr'><strong>Scholiastes.</strong></span> <span class='ocrx_word' id='word_1_93' title='bbox 1243 1296 1443 1360; x_wconf 88' lang='lat' dir='ltr'><strong>Nempe</strong></span> <span class='ocrx_word' id='word_1_94' title='bbox 1482 1297 1614 1360; x_wconf 87' lang='lat' dir='ltr'><strong>apud</strong></span> 
     </span>
     <span class='ocr_line' id='line_1_15' title="bbox 174 1375 1615 1438; baseline -0.001 -16"><span class='ocrx_word' id='word_1_95' title='bbox 174 1375 475 1424; x_wconf 80' lang='lat' dir='ltr'><strong>Scholiasten</strong></span> <span class='ocrx_word' id='word_1_96' title='bbox 498 1376 591 1423; x_wconf 82' lang='lat' dir='ltr'><strong>ista</strong></span> <span class='ocrx_word' id='word_1_97' title='bbox 606 1375 877 1422; x_wconf 81' lang='lat' dir='ltr'><strong>habentur:</strong></span> <span class='ocrx_word' id='word_1_98' title='bbox 903 1396 931 1430; x_wconf 87' lang='grc' dir='ltr'><em>η</em></span> <span class='ocrx_word' id='word_1_99' title='bbox 946 1396 1144 1438; x_wconf 80' lang='grc' dir='ltr'>χαριτωυ</span> <span class='ocrx_word' id='word_1_100' title='bbox 1166 1395 1356 1438; x_wconf 80' lang='grc' dir='ltr'>αρουραν</span> <span class='ocrx_word' id='word_1_101' title='bbox 1374 1381 1615 1422; x_wconf 56' lang='lat' dir='ltr'><strong>avan-oxon-</strong></span> 
     </span>
     <span class='ocr_line' id='line_1_16' title="bbox 173 1445 1613 1517; baseline -0.003 -16"><span class='ocrx_word' id='word_1_102' title='bbox 173 1475 253 1510; x_wconf 78' lang='grc' dir='ltr'>μεν</span> <span class='ocrx_word' id='word_1_103' title='bbox 286 1476 344 1505; x_wconf 81' lang='grc' dir='ltr'><strong>εις</strong></span> <span class='ocrx_word' id='word_1_104' title='bbox 381 1476 465 1511; x_wconf 85' lang='grc' dir='ltr'>την</span> <span class='ocrx_word' id='word_1_105' title='bbox 502 1457 636 1502; x_wconf 84' lang='grc' dir='ltr'>Πυθω</span> <span class='ocrx_word' id='word_1_106' title='bbox 674 1445 922 1517; x_wconf 55' lang='grc' dir='ltr'>παριονΪι-ες.</span> <span class='ocrx_word' id='word_1_107' title='bbox 980 1453 1166 1500; x_wconf 85' lang='lat' dir='ltr'><strong>Mirum</strong></span> <span class='ocrx_word' id='word_1_108' title='bbox 1202 1467 1321 1500; x_wconf 83' lang='lat' dir='ltr'><strong>vero</strong></span> <span class='ocrx_word' id='word_1_109' title='bbox 1355 1451 1486 1514; x_wconf 88' lang='lat' dir='ltr'><strong>quod</strong></span> <span class='ocrx_word' id='word_1_110' title='bbox 1519 1450 1613 1498; x_wconf 77' lang='lat' dir='ltr'><strong>Viri</strong></span> 
     </span>
     <span class='ocr_line' id='line_1_17' title="bbox 171 1522 1613 1594; baseline -0.004 -15"><span class='ocrx_word' id='word_1_111' title='bbox 171 1522 292 1579; x_wconf 70' lang='lat' dir='ltr'><strong>boni</strong></span> <span class='ocrx_word' id='word_1_112' title='bbox 315 1547 413 1579; x_wconf 90' lang='lat' dir='ltr'><strong>non</strong></span> <span class='ocrx_word' id='word_1_113' title='bbox 437 1530 772 1594; x_wconf 84' lang='lat' dir='ltr'><strong>perrexerint:</strong></span> <span class='ocrx_word' id='word_1_114' title='bbox 814 1533 1056 1594; x_wconf 79' lang='grc' dir='ltr'>Παριοντες</span> <span class='ocrx_word' id='word_1_115' title='bbox 1079 1528 1241 1586; x_wconf 84' lang='lat' dir='ltr'><strong>etiam,</strong></span> <span class='ocrx_word' id='word_1_116' title='bbox 1266 1526 1311 1575; x_wconf 83' lang='lat' dir='ltr'><strong>si</strong></span> <span class='ocrx_word' id='word_1_117' title='bbox 1333 1525 1416 1574; x_wconf 83' lang='lat' dir='ltr'><strong>cui</strong></span> <span class='ocrx_word' id='word_1_118' title='bbox 1429 1526 1613 1590; x_wconf 79' lang='lat' dir='ltr'><strong>placet,</strong></span> 
     </span>
     <span class='ocr_line' id='line_1_18' title="bbox 174 1602 1186 1670; baseline -0.005 -14"><span class='ocrx_word' id='word_1_119' title='bbox 174 1607 399 1656; x_wconf 78' lang='lat' dir='ltr'><strong>retineat.</strong></span> <span class='ocrx_word' id='word_1_120' title='bbox 456 1604 698 1670; x_wconf 77' lang='lat' dir='ltr'><strong>Agnoscit</strong></span> <span class='ocrx_word' id='word_1_121' title='bbox 719 1603 849 1653; x_wconf 76' lang='lat' dir='ltr'><strong>enim</strong></span> <span class='ocrx_word' id='word_1_122' title='bbox 873 1602 1186 1653; x_wconf 80' lang='lat' dir='ltr'><strong>Scholiastes.</strong></span> 
     </span>
    </p>
   </div>
   <div class='ocr_carea' id='block_1_4' title="bbox 171 1718 1616 1859">
    <p class='ocr_par' dir='ltr' id='par_1_7' title="bbox 171 1718 1616 1859">
     <span class='ocr_line' id='line_1_19' title="bbox 242 1718 1616 1796; baseline -0.005 -15"><span class='ocrx_word' id='word_1_123' title='bbox 242 1732 300 1781; x_wconf 86' lang='lat' dir='ltr'><strong>V.</strong></span> <span class='ocrx_word' id='word_1_124' title='bbox 324 1745 367 1781; x_wconf 88' lang='lat'><strong>4.</strong></span> <span class='ocrx_word' id='word_1_125' title='bbox 403 1735 462 1783; x_wconf 66' lang='lat' dir='ltr'><strong>Es*</strong></span> <span class='ocrx_word' id='word_1_126' title='bbox 480 1718 628 1780; x_wconf 77' lang='grc' dir='ltr'><strong>ναονιο</strong></span> <span class='ocrx_word' id='word_1_127' title='bbox 652 1724 994 1796; x_wconf 80' lang='grc' dir='ltr'>παροιχομενοι]</span> <span class='ocrx_word' id='word_1_128' title='bbox 1043 1726 1262 1777; x_wconf 78' lang='lat' dir='ltr'><strong>Vidimus</strong></span> <span class='ocrx_word' id='word_1_129' title='bbox 1276 1726 1383 1792; x_wconf 81' lang='lat' dir='ltr'><strong>jam</strong></span> <span class='ocrx_word' id='word_1_130' title='bbox 1402 1726 1616 1775; x_wconf 77' lang='lat' dir='ltr'><strong>eruditos</strong></span> 
     </span>
     <span class='ocr_line' id='line_1_20' title="bbox 171 1802 1615 1859; baseline -0.004 -1"><span class='ocrx_word' id='word_1_131' title='bbox 171 1810 382 1859; x_wconf 88' lang='lat' dir='ltr'><strong>editores</strong></span> <span class='ocrx_word' id='word_1_132' title='bbox 406 1808 692 1858; x_wconf 85' lang='lat' dir='ltr'><strong>Scholiastae</strong></span> <span class='ocrx_word' id='word_1_133' title='bbox 714 1807 874 1856; x_wconf 87' lang='lat' dir='ltr'><strong>verbis</strong></span> <span class='ocrx_word' id='word_1_134' title='bbox 899 1803 1099 1855; x_wconf 64' lang='lat' dir='ltr'><strong>nimium</strong></span> <span class='ocrx_word' id='word_1_135' title='bbox 1123 1805 1408 1854; x_wconf 79' lang='lat' dir='ltr'><strong>tribuentes,</strong></span> <span class='ocrx_word' id='word_1_136' title='bbox 1459 1802 1615 1854; x_wconf 89' lang='lat' dir='ltr'><strong>Nunc</strong></span> 
     </span>
    </p>
   </div>
   <div class='ocr_carea' id='block_1_5' title="bbox 166 1923 1677 2873">
    <p class='ocr_par' dir='ltr' id='par_1_8' title="bbox 174 1923 1615 2173">
     <span class='ocr_line' id='line_1_21' title="bbox 227 1923 1615 1979; baseline -0.002 -13"><span class='ocrx_word' id='word_1_137' title='bbox 227 1933 266 1974; x_wconf 89' lang='lat'><strong>9.</strong></span> <span class='ocrx_word' id='word_1_138' title='bbox 297 1929 428 1966; x_wconf 85' lang='lat' dir='ltr'><strong>Amor.</strong></span> <span class='ocrx_word' id='word_1_139' title='bbox 448 1941 520 1976; x_wconf 85' lang='lat'><strong>111,</strong></span> <span class='ocrx_word' id='word_1_140' title='bbox 547 1929 584 1976; x_wconf 89' lang='lat' dir='ltr'><strong>ii,</strong></span> <span class='ocrx_word' id='word_1_141' title='bbox 615 1932 677 1967; x_wconf 87' lang='lat'><strong>83.</strong></span> <span class='ocrx_word' id='word_1_142' title='bbox 708 1933 744 1966; x_wconf 89' lang='lat' dir='ltr'><strong>et</strong></span> <span class='ocrx_word' id='word_1_143' title='bbox 759 1928 811 1976; x_wconf 83' lang='lat' dir='ltr'><strong>iii,</strong></span> <span class='ocrx_word' id='word_1_144' title='bbox 827 1933 865 1973; x_wconf 89' lang='lat'><strong>9.</strong></span> <span class='ocrx_word' id='word_1_145' title='bbox 924 1930 1039 1971; x_wconf 85' lang='lat'><strong>1337.</strong></span> <span class='ocrx_word' id='word_1_146' title='bbox 1075 1927 1184 1967; x_wconf 85' lang='grc' dir='ltr'><strong>’Έσω</strong></span> <span class='ocrx_word' id='word_1_147' title='bbox 1222 1924 1435 1979; x_wconf 80' lang='grc' dir='ltr'>παρέλθεθ’,</span> <span class='ocrx_word' id='word_1_148' title='bbox 1452 1949 1506 1955; x_wconf 96' lang='lat'><strong>—-</strong></span> <span class='ocrx_word' id='word_1_149' title='bbox 1524 1923 1615 1964; x_wconf 88' lang='lat' dir='ltr'><strong>Eur.</strong></span> 
     </span>
     <span class='ocr_line' id='line_1_22' title="bbox 174 1989 1615 2042; baseline -0.002 -12"><span class='ocrx_word' id='word_1_150' title='bbox 174 1993 369 2042; x_wconf 83' lang='lat' dir='ltr'><strong>Aristoph.</strong></span> <span class='ocrx_word' id='word_1_151' title='bbox 402 1993 504 2031; x_wconf 90' lang='lat' dir='ltr'><strong>Nub.</strong></span> <span class='ocrx_word' id='word_1_152' title='bbox 544 1997 659 2037; x_wconf 87' lang='grc'><strong>1178.</strong></span> <span class='ocrx_word' id='word_1_153' title='bbox 704 1991 765 2031; x_wconf 63' lang='grc' dir='ltr'><strong>ἐπὶ</strong></span> <span class='ocrx_word' id='word_1_154' title='bbox 797 1998 869 2030; x_wconf 82' lang='grc' dir='ltr'><strong>τοῦ</strong></span> <span class='ocrx_word' id='word_1_155' title='bbox 921 1990 1002 2029; x_wconf 86' lang='lat' dir='ltr'><strong>Ion.</strong></span> <span class='ocrx_word' id='word_1_156' title='bbox 1053 1994 1170 2035; x_wconf 85' lang='lat'><strong>1171.</strong></span> <span class='ocrx_word' id='word_1_157' title='bbox 1227 1989 1370 2035; x_wconf 73' lang='grc' dir='ltr'>Σκηνῆς·</span> <span class='ocrx_word' id='word_1_158' title='bbox 1420 1990 1615 2042; x_wconf 71' lang='grc' dir='ltr'>παρελθαῒν</span> 
     </span>
     <span class='ocr_line' id='line_1_23' title="bbox 174 2053 1614 2110; baseline -0.002 -16"><span class='ocrx_word' id='word_1_159' title='bbox 174 2058 384 2110; x_wconf 65' lang='grc' dir='ltr'>προσώπου</span> <span class='ocrx_word' id='word_1_160' title='bbox 403 2056 438 2095; x_wconf 88' lang='grc' dir='ltr'><strong>τ’</strong></span> <span class='ocrx_word' id='word_1_161' title='bbox 457 2055 758 2096; x_wconf 62' lang='grc' dir='ltr'>ἐστὶνἈττικὸν</span> <span class='ocrx_word' id='word_1_162' title='bbox 774 2055 868 2106; x_wconf 84' lang='grc' dir='ltr'><strong>βλέ-</strong></span> <span class='ocrx_word' id='word_1_163' title='bbox 921 2054 1090 2108; x_wconf 73' lang='grc' dir='ltr'>πρέσβυς</span> <span class='ocrx_word' id='word_1_164' title='bbox 1121 2053 1155 2093; x_wconf 73' lang='grc' dir='ltr'><strong>ἔς</strong></span> <span class='ocrx_word' id='word_1_165' title='bbox 1175 2053 1292 2099; x_wconf 82' lang='grc' dir='ltr'>μέσον</span> <span class='ocrx_word' id='word_1_166' title='bbox 1322 2053 1449 2101; x_wconf 73' lang='grc' dir='ltr'>πέδον,</span> <span class='ocrx_word' id='word_1_167' title='bbox 1483 2053 1614 2104; x_wconf 81' lang='lat' dir='ltr'><strong>Suppl-</strong></span> 
     </span>
     <span class='ocr_line' id='line_1_24' title="bbox 174 2118 1613 2173; baseline -0.001 -15"><span class='ocrx_word' id='word_1_168' title='bbox 174 2137 257 2159; x_wconf 71' lang='grc' dir='ltr'>πος.</span> <span class='ocrx_word' id='word_1_169' title='bbox 919 2125 1012 2164; x_wconf 85' lang='grc'><strong>478.</strong></span> <span class='ocrx_word' id='word_1_170' title='bbox 1042 2119 1275 2173; x_wconf 66' lang='grc' dir='ltr'>’Ἄδραστον</span> <span class='ocrx_word' id='word_1_171' title='bbox 1308 2124 1356 2158; x_wconf 77' lang='grc' dir='ltr'><strong>εἷς·</strong></span> <span class='ocrx_word' id='word_1_172' title='bbox 1393 2120 1465 2168; x_wconf 70' lang='grc' dir='ltr'><strong>γῆν</strong></span> <span class='ocrx_word' id='word_1_173' title='bbox 1502 2118 1613 2166; x_wconf 78' lang='grc' dir='ltr'>τήνδε</span> 
     </span>
    </p>

    <p class='ocr_par' dir='ltr' id='par_1_9' title="bbox 166 2181 1677 2873">
     <span class='ocr_line' id='line_1_25' title="bbox 221 2181 1614 2237; baseline 0 -15"><span class='ocrx_word' id='word_1_174' title='bbox 221 2188 281 2222; x_wconf 91' lang='grc'><strong>10.</strong></span> <span class='ocrx_word' id='word_1_175' title='bbox 299 2181 451 2221; x_wconf 80' lang='grc' dir='ltr'>α’ένναον</span> <span class='ocrx_word' id='word_1_176' title='bbox 464 2184 764 2237; x_wconf 81' lang='grc' dir='ltr'>προσοιχόμενοι</span> <span class='ocrx_word' id='word_1_177' title='bbox 779 2197 867 2222; x_wconf 89' lang='lat' dir='ltr'><strong>con-</strong></span> <span class='ocrx_word' id='word_1_178' title='bbox 918 2185 971 2233; x_wconf 72' lang='grc' dir='ltr'><em>μή</em></span> <span class='ocrx_word' id='word_1_179' title='bbox 1024 2184 1207 2237; x_wconf 77' lang='grc' dir='ltr'>παριέναι·</span> <span class='ocrx_word' id='word_1_180' title='bbox 1283 2183 1474 2222; x_wconf 85' lang='lat' dir='ltr'><strong>Heraclid.</strong></span> <span class='ocrx_word' id='word_1_181' title='bbox 1523 2187 1614 2222; x_wconf 72' lang='lat'><strong>154.</strong></span> 
     </span>
     <span class='ocr_line' id='line_1_26' title="bbox 166 2245 1613 2301; baseline 0.001 -17"><span class='ocrx_word' id='word_1_182' title='bbox 166 2246 260 2298; x_wconf 82' lang='lat' dir='ltr'><strong>jecit</strong></span> <span class='ocrx_word' id='word_1_183' title='bbox 289 2246 498 2284; x_wconf 84' lang='lat' dir='ltr'><strong>Hermann.</strong></span> <span class='ocrx_word' id='word_1_184' title='bbox 532 2247 577 2284; x_wconf 86' lang='lat' dir='ltr'><strong>de</strong></span> <span class='ocrx_word' id='word_1_185' title='bbox 605 2247 733 2285; x_wconf 80' lang='lat' dir='ltr'><strong>metris</strong></span> <span class='ocrx_word' id='word_1_186' title='bbox 760 2247 867 2285; x_wconf 79' lang='lat' dir='ltr'><strong>Pind.</strong></span> <span class='ocrx_word' id='word_1_187' title='bbox 922 2248 1059 2287; x_wconf 72' lang='grc' dir='ltr'>τούσδε</span> <span class='ocrx_word' id='word_1_188' title='bbox 1080 2250 1117 2285; x_wconf 84' lang='grc' dir='ltr'><strong>τ’</strong></span> <span class='ocrx_word' id='word_1_189' title='bbox 1141 2252 1189 2286; x_wconf 72' lang='grc' dir='ltr'><strong>εἷς</strong></span> <span class='ocrx_word' id='word_1_190' title='bbox 1213 2253 1325 2296; x_wconf 75' lang='grc' dir='ltr'>’γαῖαν</span> <span class='ocrx_word' id='word_1_191' title='bbox 1349 2247 1492 2301; x_wconf 59' lang='grc' dir='ltr'>παρεὶς,</span> <span class='ocrx_word' id='word_1_192' title='bbox 1524 2245 1613 2285; x_wconf 86' lang='lat' dir='ltr'><strong>Hel.</strong></span> 
     </span>
     <span class='ocr_line' id='line_1_27' title="bbox 174 2308 1612 2365; baseline 0.002 -19"><span class='ocrx_word' id='word_1_193' title='bbox 174 2323 212 2360; x_wconf 85' lang='lat' dir='ltr'><strong>p.</strong></span> <span class='ocrx_word' id='word_1_194' title='bbox 233 2313 323 2348; x_wconf 83' lang='lat'><strong>285.</strong></span> <span class='ocrx_word' id='word_1_195' title='bbox 358 2322 472 2359; x_wconf 83' lang='lat' dir='ltr'><strong>quam</strong></span> <span class='ocrx_word' id='word_1_196' title='bbox 496 2310 668 2360; x_wconf 86' lang='lat' dir='ltr'><strong>probavit</strong></span> <span class='ocrx_word' id='word_1_197' title='bbox 683 2311 866 2349; x_wconf 84' lang='lat' dir='ltr'><strong>Boeckius</strong></span> <span class='ocrx_word' id='word_1_198' title='bbox 919 2317 1012 2351; x_wconf 81' lang='lat'><strong>458.</strong></span> <span class='ocrx_word' id='word_1_199' title='bbox 1066 2308 1163 2350; x_wconf 70' lang='grc' dir='ltr'>Οὔκ·</span> <span class='ocrx_word' id='word_1_200' title='bbox 1210 2310 1296 2350; x_wconf 76' lang='grc' dir='ltr'>ἀλλ’</span> <span class='ocrx_word' id='word_1_201' title='bbox 1330 2310 1406 2351; x_wconf 77' lang='grc' dir='ltr'><strong>ἔσω</strong></span> <span class='ocrx_word' id='word_1_202' title='bbox 1444 2323 1612 2365; x_wconf 83' lang='grc' dir='ltr'>παρειμι·</span> 
     </span>
     <span class='ocr_line' id='line_1_28' title="bbox 174 2374 1611 2429; baseline 0.001 -17"><span class='ocrx_word' id='word_1_203' title='bbox 174 2375 223 2413; x_wconf 86' lang='lat' dir='ltr'><strong>ad</strong></span> <span class='ocrx_word' id='word_1_204' title='bbox 248 2375 296 2420; x_wconf 90' lang='lat' dir='ltr'><strong>l.;</strong></span> <span class='ocrx_word' id='word_1_205' title='bbox 336 2374 616 2428; x_wconf 81' lang='grc' dir='ltr'>παρερχόμενοι</span> <span class='ocrx_word' id='word_1_206' title='bbox 646 2375 864 2413; x_wconf 83' lang='lat' dir='ltr'><strong>Wakefield.</strong></span> <span class='ocrx_word' id='word_1_207' title='bbox 921 2377 1001 2415; x_wconf 87' lang='lat' dir='ltr'><strong>Ion.</strong></span> <span class='ocrx_word' id='word_1_208' title='bbox 1012 2381 1104 2422; x_wconf 78' lang='lat'><strong>228,</strong></span> <span class='ocrx_word' id='word_1_209' title='bbox 1113 2380 1152 2421; x_wconf 84' lang='lat'><strong>9.</strong></span> <span class='ocrx_word' id='word_1_210' title='bbox 1167 2374 1359 2429; x_wconf 77' lang='grc' dir='ltr'><strong>Πᾶριτέἷς·</strong></span> <span class='ocrx_word' id='word_1_211' title='bbox 1371 2375 1611 2424; x_wconf 50' lang='lat' dir='ltr'><strong>emmelim·—</strong></span> 
     </span>
     <span class='ocr_line' id='line_1_29' title="bbox 175 2437 1611 2493; baseline 0.001 -18"><span class='ocrx_word' id='word_1_212' title='bbox 175 2438 284 2489; x_wconf 85' lang='lat' dir='ltr'><strong>Sylv.</strong></span> <span class='ocrx_word' id='word_1_213' title='bbox 312 2437 406 2475; x_wconf 88' lang='lat' dir='ltr'><strong>Crit.</strong></span> <span class='ocrx_word' id='word_1_214' title='bbox 428 2450 477 2475; x_wconf 92' lang='lat'><strong>11.</strong></span> <span class='ocrx_word' id='word_1_215' title='bbox 510 2451 545 2487; x_wconf 89' lang='lat' dir='ltr'><strong>p.</strong></span> <span class='ocrx_word' id='word_1_216' title='bbox 567 2442 655 2475; x_wconf 80' lang='lat'><strong>134.</strong></span> <span class='ocrx_word' id='word_1_217' title='bbox 694 2438 865 2490; x_wconf 85' lang='lat' dir='ltr'><strong>AEschyl.</strong></span> <span class='ocrx_word' id='word_1_218' title='bbox 920 2441 1039 2489; x_wconf 80' lang='grc' dir='ltr'>δόμων</span> <span class='ocrx_word' id='word_1_219' title='bbox 1065 2439 1119 2488; x_wconf 70' lang='grc' dir='ltr'><em>μή</em></span> <span class='ocrx_word' id='word_1_220' title='bbox 1135 2438 1266 2491; x_wconf 79' lang='grc' dir='ltr'>πάριτ’</span> <span class='ocrx_word' id='word_1_221' title='bbox 1285 2443 1332 2477; x_wconf 69' lang='grc' dir='ltr'><strong>εἷς</strong></span> <span class='ocrx_word' id='word_1_222' title='bbox 1351 2439 1485 2493; x_wconf 84' lang='grc' dir='ltr'>μυχόν.</span> <span class='ocrx_word' id='word_1_223' title='bbox 1533 2439 1611 2477; x_wconf 91' lang='lat' dir='ltr'><strong>He-</strong></span> 
     </span>
     <span class='ocr_line' id='line_1_30' title="bbox 175 2500 1677 2556; baseline -0.001 -15"><span class='ocrx_word' id='word_1_224' title='bbox 175 2503 350 2553; x_wconf 61' lang='lat' dir='ltr'><strong>Choeph.</strong></span> <span class='ocrx_word' id='word_1_225' title='bbox 387 2500 475 2540; x_wconf 81' lang='lat'><strong>846.</strong></span> <span class='ocrx_word' id='word_1_226' title='bbox 521 2502 757 2551; x_wconf 73' lang='grc' dir='ltr'>Ἠκοῦσαμεν</span> <span class='ocrx_word' id='word_1_227' title='bbox 784 2504 864 2552; x_wconf 76' lang='grc' dir='ltr'>μὲν,</span> <span class='ocrx_word' id='word_1_228' title='bbox 920 2504 1240 2542; x_wconf 81' lang='lat' dir='ltr'><strong>rodot.v11.208.</strong></span> <span class='ocrx_word' id='word_1_229' title='bbox 1258 2504 1303 2540; x_wconf 62' lang='grc' dir='ltr'><strong>ὥς</strong></span> <span class='ocrx_word' id='word_1_230' title='bbox 1315 2502 1610 2556; x_wconf 71' lang='grc' dir='ltr'>δέπροσέλασεν</span> <span class='ocrx_word' id='word_1_231' title='bbox 1674 2546 1677 2549; x_wconf 28' lang='lat'><em>⁴</em></span> 
     </span>
     <span class='ocr_line' id='line_1_31' title="bbox 174 2565 1609 2621; baseline 0 -16"><span class='ocrx_word' id='word_1_232' title='bbox 174 2568 355 2607; x_wconf 77' lang='grc' dir='ltr'>πυνθάνου</span> <span class='ocrx_word' id='word_1_233' title='bbox 401 2568 441 2606; x_wconf 79' lang='grc' dir='ltr'><strong>δε</strong></span> <span class='ocrx_word' id='word_1_234' title='bbox 484 2584 560 2605; x_wconf 79' lang='grc' dir='ltr'>των</span> <span class='ocrx_word' id='word_1_235' title='bbox 602 2565 666 2620; x_wconf 77' lang='grc' dir='ltr'>ξέν</span> <span class='ocrx_word' id='word_1_236' title='bbox 650 2585 715 2605; x_wconf 87' lang='grc' dir='ltr'><strong>νων</strong></span> <span class='ocrx_word' id='word_1_237' title='bbox 751 2566 861 2605; x_wconf 86' lang='grc' dir='ltr'><strong>Ἔσω</strong></span> <span class='ocrx_word' id='word_1_238' title='bbox 916 2571 941 2605; x_wconf 80' lang='grc' dir='ltr'><em>ὁ</em></span> <span class='ocrx_word' id='word_1_239' title='bbox 958 2567 1087 2606; x_wconf 65' lang='grc' dir='ltr'>ἱππεὺς</span> <span class='ocrx_word' id='word_1_240' title='bbox 1103 2567 1138 2606; x_wconf 71' lang='grc' dir='ltr'><strong>ἐς</strong></span> <span class='ocrx_word' id='word_1_241' title='bbox 1153 2565 1204 2603; x_wconf 71' lang='grc' dir='ltr'><strong>τό</strong></span> <span class='ocrx_word' id='word_1_242' title='bbox 1217 2566 1498 2619; x_wconf 75' lang='grc' dir='ltr'>στρατόπεδον,</span> <span class='ocrx_word' id='word_1_243' title='bbox 1516 2569 1609 2621; x_wconf 68' lang='grc' dir='ltr'>πρός</span> 
     </span>
     <span class='ocr_line' id='line_1_32' title="bbox 174 2628 1610 2685; baseline -0.001 -17"><span class='ocrx_word' id='word_1_244' title='bbox 174 2630 383 2685; x_wconf 72' lang='grc' dir='ltr'>παρελθόν.</span> <span class='ocrx_word' id='word_1_245' title='bbox 407 2632 521 2681; x_wconf 88' lang='lat' dir='ltr'><strong>Soph.</strong></span> <span class='ocrx_word' id='word_1_246' title='bbox 536 2629 625 2668; x_wconf 88' lang='lat' dir='ltr'><strong>OEd.</strong></span> <span class='ocrx_word' id='word_1_247' title='bbox 637 2631 730 2682; x_wconf 82' lang='lat' dir='ltr'><strong>Tyr.</strong></span> <span class='ocrx_word' id='word_1_248' title='bbox 746 2636 862 2669; x_wconf 81' lang='lat'><strong>1241.</strong></span> <span class='ocrx_word' id='word_1_249' title='bbox 916 2644 935 2668; x_wconf 88' lang='lat' dir='ltr'><strong>e</strong></span> <span class='ocrx_word' id='word_1_250' title='bbox 954 2629 1074 2667; x_wconf 89' lang='lat' dir='ltr'><strong>MSS.</strong></span> <span class='ocrx_word' id='word_1_251' title='bbox 1104 2628 1222 2666; x_wconf 91' lang='lat' dir='ltr'><strong>Arch.</strong></span> <span class='ocrx_word' id='word_1_252' title='bbox 1254 2629 1350 2667; x_wconf 83' lang='lat' dir='ltr'><strong>Ask.</strong></span> <span class='ocrx_word' id='word_1_253' title='bbox 1369 2628 1419 2666; x_wconf 88' lang='lat' dir='ltr'><strong>V.</strong></span> <span class='ocrx_word' id='word_1_254' title='bbox 1448 2630 1610 2679; x_wconf 82' lang='lat' dir='ltr'><strong>reposuit</strong></span> 
     </span>
     <span class='ocr_line' id='line_1_33' title="bbox 167 2691 1609 2749; baseline -0.003 -16.947"><span class='ocrx_word' id='word_1_255' title='bbox 167 2694 300 2733; x_wconf 66' lang='lat' dir='ltr'><strong>&#39;&#39;me</strong></span> <span class='ocrx_word' id='word_1_256' title='bbox 314 2694 388 2749; x_wconf 71' lang='grc' dir='ltr'><strong>’γὰρ</strong></span> <span class='ocrx_word' id='word_1_257' title='bbox 401 2696 499 2748; x_wconf 76' lang='grc' dir='ltr'><strong>οργῇ</strong></span> <span class='ocrx_word' id='word_1_258' title='bbox 512 2692 687 2748; x_wconf 82' lang='grc' dir='ltr'>χρωμένη</span> <span class='ocrx_word' id='word_1_259' title='bbox 702 2694 864 2749; x_wconf 79' lang='grc' dir='ltr'>παρῆλθ’</span> <span class='ocrx_word' id='word_1_260' title='bbox 917 2692 1192 2743; x_wconf 79' lang='lat' dir='ltr'><strong>VVesselingius.</strong></span> <span class='ocrx_word' id='word_1_261' title='bbox 1204 2691 1411 2745; x_wconf 80' lang='grc' dir='ltr'>Παρελθεῖν</span> <span class='ocrx_word' id='word_1_262' title='bbox 1422 2691 1609 2742; x_wconf 80' lang='lat' dir='ltr'><strong>significat</strong></span> 
     </span>
     <span class='ocr_line' id='line_1_34' title="bbox 173 2753 1609 2812; baseline -0.006 -14"><span class='ocrx_word' id='word_1_263' title='bbox 173 2757 250 2798; x_wconf 83' lang='grc' dir='ltr'><strong>ἔσω</strong></span> <span class='ocrx_word' id='word_1_264' title='bbox 292 2759 422 2812; x_wconf 79' lang='grc' dir='ltr'>Θυρων</span> <span class='ocrx_word' id='word_1_265' title='bbox 406 2777 463 2798; x_wconf 69' lang='grc' dir='ltr'><strong>νος</strong></span> <span class='ocrx_word' id='word_1_266' title='bbox 509 2759 575 2796; x_wconf 85' lang='lat' dir='ltr'><strong>Tr.</strong></span> <span class='ocrx_word' id='word_1_267' title='bbox 613 2763 704 2803; x_wconf 88' lang='lat'><strong>900.</strong></span> <span class='ocrx_word' id='word_1_268' title='bbox 757 2759 862 2798; x_wconf 66' lang='lat' dir='ltr'><strong>&#39;Em-en</strong></span> <span class='ocrx_word' id='word_1_269' title='bbox 916 2757 1070 2803; x_wconf 79' lang='lat' dir='ltr'><strong>intrare,</strong></span> <span class='ocrx_word' id='word_1_270' title='bbox 1095 2769 1168 2794; x_wconf 91' lang='lat' dir='ltr'><strong>non</strong></span> <span class='ocrx_word' id='word_1_271' title='bbox 1180 2754 1389 2804; x_wconf 78' lang='lat' dir='ltr'><strong>praeterire,</strong></span> <span class='ocrx_word' id='word_1_272' title='bbox 1408 2759 1449 2791; x_wconf 89' lang='lat' dir='ltr'><strong>ut</strong></span> <span class='ocrx_word' id='word_1_273' title='bbox 1466 2753 1609 2791; x_wconf 86' lang='lat' dir='ltr'><strong>monuit</strong></span> 
     </span>
     <span class='ocr_line' id='line_1_35' title="bbox 176 2815 1606 2873; baseline -0.003 -16"><span class='ocrx_word' id='word_1_274' title='bbox 176 2821 348 2873; x_wconf 79' lang='grc' dir='ltr'>παρῆλθε</span> <span class='ocrx_word' id='word_1_275' title='bbox 378 2819 600 2868; x_wconf 76' lang='grc' dir='ltr'>δωμάτων”</span> <span class='ocrx_word' id='word_1_276' title='bbox 583 2837 656 2860; x_wconf 82' lang='grc' dir='ltr'><strong>εσω</strong></span> <span class='ocrx_word' id='word_1_277' title='bbox 686 2821 779 2866; x_wconf 85' lang='grc' dir='ltr'>μόνη</span> <span class='ocrx_word' id='word_1_278' title='bbox 802 2821 861 2858; x_wconf 80' lang='lat' dir='ltr'><strong>El.</strong></span> <span class='ocrx_word' id='word_1_279' title='bbox 919 2820 1071 2858; x_wconf 77' lang='lat' dir='ltr'><strong>Bastius</strong></span> <span class='ocrx_word' id='word_1_280' title='bbox 1102 2832 1160 2869; x_wconf 89' lang='lat' dir='ltr'><strong>ep.</strong></span> <span class='ocrx_word' id='word_1_281' title='bbox 1196 2830 1249 2856; x_wconf 88' lang='lat' dir='ltr'><strong>cr.</strong></span> <span class='ocrx_word' id='word_1_282' title='bbox 1285 2831 1321 2868; x_wconf 87' lang='lat' dir='ltr'><strong>p.</strong></span> <span class='ocrx_word' id='word_1_283' title='bbox 1342 2815 1431 2855; x_wconf 84' lang='lat'><strong>146.</strong></span> <span class='ocrx_word' id='word_1_284' title='bbox 1476 2823 1502 2840; x_wconf 82' lang='lat'>“</span> <span class='ocrx_word' id='word_1_285' title='bbox 1523 2816 1606 2854; x_wconf 76' lang='lat' dir='ltr'><strong>vide</strong></span> 
     </span>
    </p>
   </div>
  </div>
 </body>
</html>
