1864 3132
937 179 1038 229 362

279 294 465 354 partem
499 286 709 352 aliquam
746 301 807 334 ex
841 286 1029 335 diversa
1062 286 1251 334 easdem
1285 299 1427 334 voces
1462 268 1704 344 scribendi

279 362 466 412 ratione
503 362 565 409 ad
602 360 879 426 regularum
910 361 1187 410 alterutram
1213 359 1410 426 exigere
1433 359 1608 410 nullius
1631 363 1706 409 es't'

280 438 477 507 negotii.
529 436 820 503 Hujusmodi
844 444 957 486 sunt
1015 438 1018 441 ’

345 527 360 553 ¹
399 533 595 576 Ποιοισιν
626 535 776 579 ὅπλοις
811 552 837 586 η
870 525 1041 585 δυναμει
1076 531 1319 577 πεποιθοτε
1341 547 1355 585 ;

344 603 362 629 ⁹
399 608 486 653 Και
519 626 611 655 πως
654 625 709 651 συ
753 610 913 669 φιλεις,
960 605 1008 657 ἇς
1055 627 1217 654 τουτον
1274 605 1385 669 ὀρων
1436 626 1605 653 οικουντ·
1657 625 1705 652 εν
1748 626 1753 629 “

543 700 663 727 ταισι
697 683 927 732 πιθᾶκναις.

341 755 360 781 ³
395 761 584 819 ΦευὙε-ιν
616 755 758 811 αδεως·
807 782 876 808 νυν
908 756 955 807 δε
989 781 1069 808 συν
1099 766 1269 810 ὅπλοις.

276 852 514 902 Rescribo
530 855 696 919 utique
719 867 754 903 1.
792 861 937 907 Ποιοις
958 862 1163 906 ὅπλοισιν
1187 867 1246 903 -2
1263 882 1282 890 -
1296 878 1394 907 ταις
1418 859 1701 907 πιθᾶκναισιν.

276 942 447 980 3.-νυν
491 928 538 979 δε
593 931 669 993 ξυν
717 937 884 984 ὅπλοις.
990 933 1210 992 Quorum
1266 932 1318 980 in
1368 932 1572 980 numero
1627 948 1704 981 re-

176 1020 239 1074 97
277 1009 584 1057 *censendus
618 1016 691 1057 est
722 1010 856 1059 locus
889 1011 941 1059 in
972 1028 1070 1076 quo
1092 1026 1354 1059 versamur.
1415 1011 1703 1076 Legendum

275 1086 474 1144 scilicet,
516 1092 557 1134 Ο
597 1084 643 1134 δε
683 1094 897 1153 ’γναφευει
921 1115 939 1122 -
963 1104 1061 1151 quo
1099 1094 1243 1151 pacto
1280 1087 1331 1134 in
1374 1087 1593 1153 regulam
1638 1091 1706 1135 ΙΙ.

275 1163 429 1211 cadet.
499 1161 612 1210 Nec
654 1177 770 1210 vero
806 1162 1006 1210 alteram
1051 1162 1195 1227 hujus
1238 1162 1373 1210 verbi
1418 1162 1705 1225 scripturam

273 1245 473 1304 κναφευει
508 1244 691 1285 temere
713 1237 826 1285 alibi
849 1238 1075 1302 reperies.
1131 1237 1264 1285 Hinc
1298 1238 1494 1285 tandem
1528 1236 1705 1301 collige

275 1312 454 1361 frustra
496 1328 600 1360 esse
645 1312 841 1360 Suidam
887 1319 937 1359 et
976 1311 1278 1359 Scholiasten
1333 1311 1561 1374 priorem,
1620 1311 1707 1374 qui

276 1396 491 1455 Ύναφευει
525 1388 850 1437 communium
884 1387 1185 1444 Graecorum,
1225 1392 1429 1453 κναφευει
1467 1402 1583 1435 vero
1619 1386 1707 1434 At-

275 1466 479 1514 ticorum
504 1465 752 1530 proprium
777 1463 1003 1512 statuant.
1076 1463 1295 1512 Priorem
1328 1462 1526 1527 inquam
1554 1461 1706 1522 Schof

275 1542 480 1591 liasten:
533 1558 645 1590 nam
688 1542 838 1590 verba
877 1541 983 1599 ista,
1020 1546 1215 1590 Αττικον
1247 1562 1328 1596 μεν
1360 1562 1418 1588 το
1452 1537 1519 1587 δια
1554 1562 1635 1588 του
1662 1562 1705 1588 κ.

274 1624 430 1670 Κοινον
452 1618 514 1678 δε,
551 1643 607 1669 το
630 1618 697 1668 δια
720 1642 802 1668 του
825 1640 877 1682 Ὗ.
930 1624 988 1667 Ol
1017 1627 1201 1667 παλαιοι
1233 1615 1282 1666 δε
1304 1622 1488 1666 Αττικοι
1505 1614 1589 1666 ’δια
1623 1638 1706 1666 του

275 1722 317 1756 κ,
351 1705 530 1765 κναφος.
567 1719 665 1747 εστι
690 1695 736 1745 δε
759 1694 995 1748 ακανθωδες
1017 1718 1079 1755 τι,
1114 1696 1146 1757 ᾠ
1170 1696 1320 1758 ξυουσι
1343 1718 1405 1743 τοι
1429 1698 1595 1760 ἱματια.
1646 1700 1706 1743 Oc

274 1774 319 1822 δε
342 1797 542 1839 νεωτεροι
565 1772 632 1821 δια
657 1797 737 1822 του
759 1796 810 1837 Ὺ,
844 1796 963 1838 παρα
986 1796 1069 1830 την
1091 1778 1277 1836 Ύναψιν,
1304 1774 1490 1821 &lb-uno
1511 1773 1705 1820 eodem-

274 1868 370 1916 que
408 1851 647 1915 proficisci
687 1867 784 1899 non
824 1856 1040 1913 potuere.
1100 1849 1283 1898 Prioris
1321 1864 1437 1897 vero
1481 1847 1704 1896 observa-

272 1929 453 1978 tionem
478 1929 756 1976 clauserunt
788 1927 880 1974 ista
913 1923 979 1973 δια
1014 1948 1094 1974 του
1127 1947 1181 1987 νγ.
1252 1924 1388 1972 Alter
1411 1923 1480 1970 sic
1502 1937 1703 1970 exorsus

273 2010 361 2061 est,
419 2010 477 2051 Οι
523 2011 703 2050 παλαιοι
748 2001 1169 2060 Arma—Quod
1213 2000 1275 2046 ad
1331 2000 1460 2046 hunc
1509 1998 1703 2056 attinet,

274 2077 495 2140 equidem
541 2075 670 2121 haud
726 2074 825 2121 scio
879 2080 1160 2140 κναφευειηε,
1216 2088 1279 2120 an
1325 2087 1442 2121 vero
1486 2079 1704 2138 Ὑναφευει

272 2152 474 2217 legerit;
514 2165 674 2213 neque
697 2150 825 2197 enim
850 2157 1037 2197 constat
1054 2150 1246 2197 interne
1269 2155 1479 2197 παλαιους
1498 2149 1700 2208 Atticos,

273 2246 335 2277 an
358 2244 473 2278 vero
496 2249 724 2291 νεωτερους
759 2226 1130 2290 Aristophanem
1166 2224 1408 2272 recenseri
1442 2224 1703 2273 voluerit.²³

411 2331 421 2354 ¹
465 2335 577 2376 Plut.
606 2338 707 2380 449.
843 2329 859 2349 ²
897 2333 1009 2388 Equ.
1034 2338 1132 2379 789.
1266 2326 1286 2350 ³
1322 2330 1453 2385 vesp.
1479 2334 1578 2381 358.

331 2466 366 2498 l.
402 2459 462 2499 Sic
503 2458 620 2495 MSS.
657 2457 817 2495 Cantab.
850 2456 959 2494 Harl.
1013 2455 1231 2508 φιδάκναισι.
1269 2453 1396 2491 Schol.
1438 2455 1473 2491 οἱ
1491 2452 1532 2490 δὲ
1552 2452 1703 2491 παλαιοὶ

273 2532 311 2565 et
343 2524 424 2563 edd.
459 2530 534 2561 tres
568 2535 625 2571 pr.
663 2522 869 2559 πεποιθότε
903 2521 959 2558 ed.
1014 2519 1186 2571 φιδάκνην
1239 2517 1403 2565 λέγουσι.
1482 2514 1700 2553 Brunclcius.

275 2589 376 2628 Junt.
400 2590 516 2624 1525.
545 2590 583 2623 2.
613 2589 716 2623 ταῖσι
731 2587 961 2624 mennatem
1014 2587 1052 2621 3.
1097 2583 1163 2619 miv
1189 2580 1256 2618 ὄπ.
1289 2579 1370 2616 edd.
1397 2582 1470 2616 tres
1500 2578 1698 2627 primariae.

273 2650 354 2687 edd.
384 2648 472 2686 Ald.
512 2653 549 2685 et
584 2647 684 2686 Junt.
714 2653 746 2684 1.
792 2647 960 2686 πιθάκναι
1069 2650 1133 2684 22.
1158 2649 1182 2668 ⁴‘
1206 2641 1454 2681 Grammatici
1482 2641 1703 2692 Aristopha-

274 2712 296 2750 J
301 2718 377 2751 unt.
397 2716 433 2750 2.
464 2710 555 2761 lege,
584 2715 667 2749 ταῖς
692 2709 741 2748 R.
758 2709 803 2749 Β.
835 2711 961 2750 Potius
1015 2721 1101 2749 nem
1115 2709 1209 2748 inter
1226 2705 1404 2746 παλαιούς·
1421 2704 1619 2754 Ἀττικοὼ
1634 2717 1701 2747 nu-
