1864 3132
909 200 1014 250 590

240 301 424 367 Neque
463 301 593 352 enim
629 306 802 355 vocula
837 329 891 356 σε
930 307 993 355 ad
1027 307 1317 359 sententiam
1354 308 1511 358 minus
1545 324 1677 361 com-

240 380 383 428 moda
407 387 480 428 est
519 397 662 446 quam
699 384 761 431 ad
796 400 1021 435 versum:
1077 383 1134 434 Si
1163 385 1450 435 valentibus
1483 386 1686 453 quidem·

205 509 208 513 ,
239 455 362 504 meis
397 456 616 508 brachiis
651 459 841 524 injuria
878 460 988 527 quis
1025 468 1074 510 te
1108 461 1306 527 afficere
1343 463 1677 523 sustinuisset,

224 533 389 599 facile
411 534 474 584 ab
498 533 689 600 incepto
720 538 955 590 desistere
988 548 1188 590 coactus
1205 541 1427 608 fuisset..
1481 542 1682 608 Nempe

240 614 335 662 hoc
360 614 585 682 Megarae
610 622 875 684 respondet
897 621 1088 671 Chorus
1124 624 1184 671 de
1219 623 1424 689 injuriiS,
1444 624 1551 693 ⁴sul)
1575 623 1682 689 qui-

240 690 330 739 bus
353 691 613 756 laboraret,
654 705 948 765 conquestae.

102 782 200 822 345
242 779 460 832 *Electn
488 783 545 833 V.
570 792 671 837 784.
713 792 757 835 N
760 810 808 837 υν
829 810 909 844 μεν
929 811 1023 855 παρ
1044 789 1147 847 ἧμιν
1168 812 1258 856 χρη
1280 812 1533 842 συνεστιους
1555 811 1647 849 eum

719 871 876 923 Θοινην
902 871 1193 929 ’γενεσθαι-

241 952 324 1001 Sic
349 953 764 1020 interpretantur:
815 957 970 1008 Nunc
1007 960 1203 1027 quidem
1224 962 1363 1026 apud
1383 978 1475 1012 nos
1496 968 1687 1027 oportet
1712 993 1729 997 »

241 1030 480 1081 convivas
518 1033 643 1083 mihi
676 1033 775 1084 Vos
815 1035 1054 1086 interesse
1092 1039 1333 1088 convivio,
1405 1039 1588 1089 Verum
1622 1056 1686 1090 ex

239 1106 335 1156 loci
357 1109 518 1157 verbis
542 1126 705 1175 neque
728 1112 835 1160 haec
871 1129 1033 1178 neque
1069 1115 1165 1162 alia
1189 1115 1420 1179 quaelibet
1441 1114 1687 1163 sententia

241 1185 351 1234 elici
370 1194 545 1251 potest.
617 1188 933 1239 Constructio
961 1190 1131 1256 utique
1165 1192 1274 1250 ista,
1314 1213 1404 1256 χρη
1433 1191 1686 1242 cuvio-rmus

239 1265 386 1320 θοινην
412 1267 641 1326 γενεσθαι,
676 1263 849 1314 vitiosa
870 1267 994 1315 adeo
1017 1274 1090 1315 est
1114 1274 1168 1316 ut
1191 1267 1313 1315 nihil
1335 1283 1494 1331 supra.
1543 1267 1684 1327 Quae,

241 1345 297 1387 ut
339 1339 390 1387 in
434 1340 682 1407 integrum
738 1341 1091 1402 restitueretur,
1144 1359 1234 1407 pro
1278 1347 1421 1400 θοινην
1466 1342 1688 1408 Scaliger

239 1415 504 1481 legendum
539 1418 751 1485 conjecit
787 1441 845 1468 το
875 1442 958 1469 νυν.
1018 1419 1181 1487 Hujus
1215 1437 1332 1470 vero
1372 1421 1686 1490 conjecturae,

242 1509 353 1542 cum
377 1493 428 1543 in
452 1511 596 1544 versu
630 1498 941 1561 praecedente
980 1498 1245 1547 haberetur
1284 1521 1370 1557 νυν,
1405 1499 1530 1548 adeo
1569 1515 1687 1547 con-

242 1572 409 1636 spicua
453 1581 558 1622 erat
603 1573 877 1635 infelicitas,
930 1583 1094 1625 utne
1151 1577 1441 1626 Barnesium
1489 1578 1714 1643 quidem·

241 1648 450 1716 fugeret.
522 1651 620 1700 Hic
657 1662 821 1701 autem
860 1653 911 1701 in
948 1661 1227 1702 contextum
1253 1654 1461 1703 fidenter
1482 1654 1683 1714 invexit,

244 1732 401 1784 Θοινην
424 1731 648 1787 πενεσθαι,
684 1729 949 1796 laudatque
984 1731 1250 1780 Homerica
1271 1755 1455 1799 αριστον
1478 1735 1687 1783 effevum-o

241 1805 326 1870 [Il.
345 1813 401 1862 Ω,
431 1804 577 1872 124.],
602 1813 652 1856 et
674 1804 804 1856 δαιτα
827 1831 1014 1858 πενοντο
1034 1808 1238 1876 [OdySS.
1259 1816 1294 1858 Γ
1294 1850 1311 1869 ‚
1334 1810 1480 1874 428.].
1522 1811 1708 1876 Atque:-

155 1901 182 1911 ··
240 1881 324 1930 hic
369 1882 566 1947 quidem
614 1885 824 1934 hominis
867 1885 1122 1951 ingenium
1168 1888 1310 1936 solito
1348 1888 1495 1954 longe
1531 1887 1705 1954 majuss

241 1959 397 2008 video.
470 1961 651 2010 Verum
695 1962 740 2010 ei
780 1963 998 2028 undique
1040 1970 1148 2013 tuto
1193 1981 1297 2013 esse
1341 1966 1422 2015 vix
1466 1980 1683 2028 unquam

241 2037 461 2102 contigit.
534 2038 827 2103 Quanquam
866 2040 1034 2104 utique
1071 2042 1207 2089 verbi
1241 2045 1448 2090 πενεσθαι
1473 2041 1511 2089 is
1533 2041 1683 2089 fuerit

239 2116 373 2179 apud
395 2116 664 2165 Homerum
688 2134 819 2176 usus,
855 2120 983 2182 apud
1006 2119 1264 2183 scriptores
1295 2126 1458 2169 tamen
1492 2120 1682 2170 Atticos

241 2191 362 2241 nihil
400 2193 530 2242 aliud
574 2210 791 2259 unquam
827 2197 1026 2244 denotat
1062 2213 1206 2261 quam
1247 2214 1522 2263 pauperem
1561 2213 1683 2257 esse,

240 2269 483 2339 indigere,
507 2272 584 2320 vel
606 2272 759 2321 simile
780 2293 790 2323 :
829 2290 992 2338 neque
1008 2275 1334 2325 accusativum
1354 2292 1586 2340 unquam,
1610 2275 1705 2325 uti-
1763 2330 1770 2334 ,

239 2347 522 2411 loquuntur,
545 2348 687 2414 regit.
760 2349 923 2399 Multo
947 2351 1116 2400 melius
1147 2354 1256 2418 quis
1279 2354 1567 2421 conjecisset
1587 2369 1680 2418 pro

240 2495 341 2521 suam
357 2483 471 2521 solum
485 2482 677 2531 pecuniam
687 2483 936 2532 credidit,sed
986 2487 1106 2534 docet,
1134 2501 1209 2526 non
1235 2488 1327 2526 bene
1353 2487 1565 2526 consultum
1585 2499 1679 2526 esse.

242 2548 351 2585 etiam
367 2546 587 2586 amicorum:
611 2547 744 2585 stulte.-
773 2549 854 2599 quis
871 2563 934 2588 ne-
986 2553 1089 2592 Vell.
1108 2554 1254 2592 Patere.
1276 2565 1329 2602 11,
1346 2552 1450 2591 xviii.
1489 2552 1575 2590 bene
1593 2565 1679 2590 con..

239 2614 332 2661 gat-²
360 2615 426 2648 aut
443 2608 526 2660 qvi&
540 2610 628 2660 ,jam
646 2623 718 2649 non
735 2612 902 2651 admonet
916 2617 932 2650 »²
984 2619 1082 2657 sulca
1133 2619 1167 2657 ei
1223 2619 1316 2657 male
1361 2617 1541 2665 cederent,
1594 2618 1676 2656 xiv.

242 2676 339 2729 quod
352 2675 444 2714 nulle
461 2674 609 2723 cecidit,
621 2676 711 2714 bene
729 2679 932 2717 consultum
988 2682 1142 2727 Quando
1171 2682 1257 2721 bene
1284 2686 1416 2733 caepta
1449 2682 1541 2719 male
1573 2682 1680 2720 cede-

238 2747 406 2791 putares.
447 2754 592 2792 repone,
626 2740 717 2781 bene
754 2755 812 2782 ΝΕ
846 2757 932 2783 con·
987 2747 1085 2784 bant.
1142 2747 1297 2788 Withof.
1343 2747 1449 2799 Spec.
1491 2747 1676 2787 Gunther.

241 2807 374 2844 saltum
390 2812 555 2857 putares,
583 2807 704 2847 exitus
718 2808 796 2860 ipse
807 2810 929 2850 malus
985 2823 1021 2862 p.
1050 2813 1113 2849 81,
