1864 3132
952 234 1021 282 96

269 343 432 406 Atque
478 342 546 390 ita
596 340 788 403 quidem
831 339 1007 406 legisse
1051 340 1240 389 videtur
1285 339 1575 390 Scholiastes
1618 340 1702 407 qui

266 417 317 468 in
340 419 434 467 loci
458 417 759 481 expositione
789 417 880 465 ista
908 418 1082 467 habet:
1131 441 1210 475 της
1238 440 1333 484 ’γαρ
1362 441 1538 475 cuv-mov
1566 439 1701 475 αυτ-ης

267 516 473 551 νεοτητος
502 515 671 558 καρπον
700 505 1021 567 ΔΡΕΙΨΑΣΘΑΙ
1044 496 1305 554 εβουλοντο.
1482 499 1488 507 ’

300 602 542 651 Nemeon.
568 601 606 649 I.
639 613 702 649 11.
765 605 913 666 Α’ρχαι
937 598 983 649 δε
1005 602 1263 662 βεβληνται
1285 607 1394 652 θεων

763 683 916 728 ΚΕιΙΙΟυ
938 701 1017 727 συν
1040 677 1190 744 ανδροῖ
1211 677 1437 736 δαιμονίαις
1462 678 1664 744 αρΕΤαίς]

263 781 479 833 Multum
518 782 598 829 hic
637 780 872 841 sudarunt
907 781 1200 844 interpretes
1243 773 1522 843 frustraque
1564 780 1700 828 labo-

263 865 447 908 rarunt.
550 857 732 921 Neque
797 858 925 905 enim
990 857 1279 905 sententiam
1335 857 1427 904 nisi
1481 856 1698 919 ineptam

262 936 533 984 extundere
576 934 821 997 valuere..
895 934 1319 982 Constructionem
1376 934 1445 982 ita
1507 934 1700 982 ordinat

264 1014 587 1062 scholiastes:
633 1016 678 1061 αἶ
721 1035 818 1078 ’γαρ
856 1035 991 1078 αρχαι
1038 1035 1136 1063 ταις
1177 1009 1406 1070 ὃαιμονιαις
1451 1034 1522 1060 και
1567 1014 1698 1060 Oeam

219 1105 222 1108 ’
261 1112 439 1154 αρεταις
483 1111 640 1136 εκεινου
680 1110 762 1136 του
802 1085 951 1153 ανδρος
996 1111 1040 1136 εκ
1085 1092 1195 1137 θεων
1238 1089 1512 1149 βεβληνται.
1584 1086 1696 1146 Quo

225 1215 227 1217 ,
260 1174 405 1231 pacto
428 1170 536 1215 θεων
559 1167 818 1226 βεβληνται
839 1162 1120 1228 aequipollet
1142 1188 1207 1227 τῳ
1226 1187 1273 1212 εκ
1288 1168 1398 1213 θεων
1420 1165 1693 1224 βεβληνται.

264 1244 457 1293 Deinde
500 1242 740 1289 redundat
791 1241 964 1288 vocula
1013 1262 1106 1288 συν.
1197 1238 1475 1302 Utrumque
1526 1242 1697 1285 contra
1756 1241 1765 1249 ‘

262 1320 426 1370 Graeci
449 1318 681 1366 sermonis
703 1317 928 1365 indolem.
1000 1316 1194 1364 Aretius
1218 1316 1360 1364 istum
1390 1317 1440 1363 in
1465 1315 1660 1362 modum
1682 1331 1694 1361 ε

260 1420 399 1463 αΡχαί
434 1394 804 1459 [α’γωνισματων]
835 1394 1095 1454 βεβληνταί
1129 1391 1357 1449 δαιμονίαις
1385 1415 1562 1458 αΡΕΤαις
1588 1395 1696 1439 θεων

260 1499 341 1525 συν
374 1496 511 1523 κεινου
533 1471 695 1538 ανδρος.
764 1470 888 1519 Haec
921 1486 1038 1518 vero
1074 1471 1460 1534 quotusquisque
1494 1470 1698 1518 obsecro

257 1554 337 1603 vel
375 1549 633 1617 intelligit?
700 1548 860 1598 Unius
902 1565 1001 1597 non
1037 1549 1143 1615 jam
1180 1548 1336 1597 literae
1376 1550 1462 1598 sed
1503 1546 1696 1596 lineolae

260 1671 485 1710 Κάλλιστον
511 1668 639 1707 αῶτον
665 1668 791 1718 Apud.
809 1667 950 1705 Athen.

260 1748 368 1783 XIII,
398 1739 488 1779 574.
528 1734 578 1771 A.
606 1732 687 1770 α’πό
706 1733 852 1786 καρπόν
870 1729 951 1785 δρέ-

259 1801 396 1839 πεσθαι
434 1797 606 1849 AEschyl.
645 1797 818 1846 Septheb.
857 1798 949 1839 718.

257 1865 365 1902 Ἀλλ’
377 1860 617 1913 αὐτάδελφον
627 1859 716 1908 αἷμα
728 1859 948 1913 δρέψασθαι

257 1927 393 1972 θέλεις;
422 1924 518 1962 conf.
542 1923 670 1973 Suppl.
695 1922 949 1961 65s—Pers.

256 1993 350 2036 953.
395 1991 524 2043 νυχίαν
559 1986 686 2026 πλάκα
726 1987 949 2042 κερσάμενος

257 2055 428 2105 Choeph.
453 2059 540 2099 187.
586 2053 683 2093 Αλλ’
701 2052 784 2092 οὐδὲ
811 2051 882 2101 μήν
900 2070 950 2090 νιν

255 2121 281 2167 η’
292 2111 466 2158 κτανοῧσ’
480 2119 838 2174 ἐκείρατο,-Νο8815
850 2119 949 2169 apud

255 2185 321 2224 ΒΥ.
341 2186 415 2222 An.
431 2185 500 2223 Gr.
521 2196 552 2231 1,
575 2182 664 2229 196.
693 2182 865 2235 φλυάκων
881 2184 948 2221 Ἐκ

255 2250 443 2302 τραγικῶν
472 2247 566 2286 ’ἴδιον
609 2248 740 2286 κισσὸν
780 2246 950 2302 ἐδρεψοί-

254 2314 350 2360 μεθα
385 2312 610 2361 Hippocrat.
638 2312 683 2348 de
715 2311 812 2349 Flat.
843 2311 890 2349 T.
917 2323 947 2349 1.

255 2391 292 2427 p.
313 2379 404 2422 295.
434 2379 457 2414 ὁ
479 2376 547 2423 μὲν
571 2377 646 2429 γάρ
675 2376 817 2430 ἷητρός,
849 2374 946 2429 ὁρέει

257 2443 311 2481 τά
329 2442 439 2489 δειναῖ,
460 2441 620 2488 θιγγάνει
641 2457 685 2478 τε
704 2440 857 2488 αήδέων,
886 2439 946 2477 καὶ

253 2507 313 2547 ἐπ’
330 2506 578 2559 α’λλοτρίῃσιν
604 2506 840 2559 ξυμφορῇσιν
858 2505 946 2543 {Bias-

255 2573 467 2627 καρποῦται
482 2570 611 2608 λύπας.
633 2570 741 2608 Conf.
756 2571 869 2608 Dem.
882 2569 946 2607 Ol.

255 2653 285 2678 1.
299 2651 335 2688 p.
345 2641 382 2674 4.
397 2637 437 2673 F.
456 2641 493 2673 et
504 2648 540 2684 p.
552 2638 588 2674 5.
600 2635 646 2673 Β.
675 2633 783 2671 Philo
792 2634 944 2672 Judaeus

253 2705 298 2741 de
316 2698 434 2738 Caino
455 2710 484 2744 1,
519 2701 606 2735 153.
634 2697 691 2734 ed.
713 2697 893 2748 Mangey.
921 2710 945 2734 a

253 2764 416 2801 Kustero
445 2763 490 2800 de
519 2762 620 2798 verb.
655 2761 751 2797 med.
789 2774 823 2810 p.
855 2766 944 2799 121.

251 2828 447 2872 laudatus;
486 2825 642 2878 ”Ωσπερ
676 2826 726 2863 ‘td
757 2827 941 2878 κείρεσθαι

1005 1664 1149 1703 διττόν·
1179 1666 1230 1704 τὸ
1254 1666 1321 1713 μὲν
1345 1668 1391 1704 ω’ς·
1409 1665 1695 1713 ἀντιπεπονθόε,

1004 1731 1090 1769 κατ’
1107 1731 1326 1785 ἀντέρεισιν·
1357 1732 1408 1769 *td
1420 1731 1461 1769 δὲ
1473 1733 1518 1770 nis·
1532 1734 1695 1778 ὑπεῖκον,

1003 1798 1083 1834 καθ’
1117 1794 1348 1834 ὕπόπτωσιν·
1389 1796 1595 1849 πρόβατον
1628 1796 1696 1843 μὲν

1001 1862 1090 1914 γάρ,
1128 1860 1231 1898 οὐδὲν
1265 1849 1438 1913 ἐνεργοῖίν
1481 1860 1529 1913 ἐξ
1562 1860 1694 1906 ω’τοῧ,

1003 1924 1162 1979 πάσχον
1207 1925 1247 1964 δέ
1288 1925 1402 1974 μόνον
1446 1925 1506 1978 ὑφ’
1544 1927 1693 1981 ἑτέρου,

1002 1993 1181 2045 κείρεται·
1211 1992 1236 2027 o‘
1254 1990 1282 2028 δ’
1299 1990 1491 2044 ἅνθρωπος
1520 1992 1693 2048 συνδρῶν,

1004 2055 1062 2093 καὶ
1095 2055 1360 2109 σχηματίζων,
1394 2055 1452 2093 καὶ
1485 2055 1694 2102 ἐπιτήδειον
1726 2106 1730 2109 ¹

1003 2119 1182 2174 παρέχων
1214 2120 1361 2165 ἑαυτὸν,
1404 2119 1594 2173 α’νακιρναῖς·
1637 2137 1693 2174 τερ

1003 2184 1169 2238 πάσχειν
1177 2184 1228 2221 ‘ro‘
1234 2189 1360 2222 ποιεῖν.
1383 2183 1555 2234 Origines
1563 2190 1693 2225 contra

1003 2249 1158 2287 Celsum
1175 2261 1212 2297 p.
1230 2251 1321 2286 315.
1360 2246 1513 2293 Ἐπειδῆ
1539 2249 1590 2286 τὸ
1616 2251 1695 2288 πεί·-

1002 2315 1131 2353 θεσθαι
1161 2312 1321 2365 ω’σπερεὶ
1350 2314 1428 2350 τῶν
1463 2311 1693 2360 καλουμένων

1000 2375 1331 2416 α’ντιπεπονθότων
1355 2375 1474 2425 ἐστιν,
1503 2375 1692 2426 ἀνάλογον

1001 2445 1057 2496 τῷ
1104 2444 1288 2496 κείρεσθαι
1334 2441 1539 2495 ἄνθρωπον,
1593 2440 1691 2495 ἐνερ-

1000 2508 1141 2555 γοῦντα
1176 2508 1227 2544 τὸ
1262 2504 1443 2560 παρέχειν
1473 2506 1609 2544 ἑαντόν
1633 2507 1691 2558 τῷ

1001 2573 1174 2624 κεῖροντι.
1218 2572 1251 2608 Ε
1282 2583 1374 2620 pura
1403 2570 1539 2620 pagina
1561 2582 1690 2608 exem·

1000 2634 1113 2685 plaris
1127 2633 1219 2671 olim
1231 2631 1446 2672 Bentleiani.
1475 2632 1520 2669 In
1534 2633 1690 2683 vulgata

999 2698 1225 2747 Theogoniae
1244 2697 1396 2735 lectione
1414 2687 1505 2734 n'ihil
1519 2702 1576 2735 est
1590 2697 1688 2748 quod

998 2763 1021 2801 J
1023 2762 1183 2800 ortinum
1197 2767 1231 2800 et
1243 2761 1437 2808 Wolfium,
1445 2761 1545 2799 viros
1554 2762 1689 2801 Graece

996 2825 1243 2874 doctissimos,
1260 2825 1439 2864 offendere
1457 2826 1600 2864 debeat.
