1864 3132
297 375 430 430 Edit.
457 378 726 428 Sanctand.
758 378 905 430 1584.¹
939 396 1052 447 pag.
1084 387 1149 433 16.
1186 381 1217 430 l.
1243 393 1287 437 9.

456 455 637 504 Addita
662 454 781 521 styli
801 455 1083 505 sublevaret
1104 455 1327 506 siccioris
1347 450 1578 526 toedium]

300 531 654 579 Circumfertur
677 532 783 580 haec
804 531 933 580 linea
948 533 1094 597 plane
1111 555 1301 598 αμετρος
1315 549 1481 582 versus
1498 534 1733 586 trochaici

298 610 419 659 loco.
492 610 737 675 Quicquid
776 618 937 660 autem
971 612 1075 660 vitii
1107 612 1188 660 hic
1226 613 1606 677 deprehenditur
1643 615 1732 663 im-

297 686 507 750 peritam
549 687 832 735 industriam
888 686 1029 751 sapit.
1122 686 1322 752 Nempe
1365 704 1397 736 a
1439 688 1732 738 Terentiani

296 779 443 811 manu
478 763 751 827 profectum
788 770 876 822 est,

473 840 654 889 Addita
678 841 797 907 styli
816 838 1028 889 levaret2
1051 839 1273 889 siccioris
1294 840 1494 891 taedium
1513 858 1529 888 .-

282 924 544 966 -corrector
582 925 745 967 autem
780 919 945 968 nes'cio
980 919 1102 983 quis,
1139 919 1356 967 ultimam
1389 919 1521 967 vocis
1559 914 1732 969 addita

295 997 389 1063 hoc
412 1003 558 1061 pacto
581 998 785 1062 produci
802 1014 936 1063 aegre
954 997 1133 1056 ferens,
1150 998 1301 1046 verbo
1319 997 1507 1045 levaret
1522 996 1735 1045 infausta

294 1091 443 1122 manu
477 1075 698 1123 voculam
733 1073 823 1122 sub
859 1074 1098 1139 praefecit,
1135 1090 1194 1122 eo
1229 1073 1411 1121 scilicet
1445 1072 1646 1121 consilio
1679 1079 1736 1120 ut

294 1165 381 1213 pes
416 1151 655 1198 secundus
689 1156 966 1215 anapaestus
1005 1151 1233 1199 evaderet
1251 1168 1265 1207 ;
1310 1149 1501 1197 nescius
1539 1148 1733 1196 interim

293 1227 468 1291 pedem
487 1227 618 1276 illum
637 1235 821 1286 revera,
830 1228 977 1293 juxta
992 1227 1212 1293 regulam
1228 1227 1291 1275 ab
1307 1228 1415 1292 ipso
1429 1227 1736 1276 Terentiano

293 1305 532 1364 traditam,
573 1306 667 1354 hac
701 1306 969 1355 mutatione
1002 1306 1234 1354 creticum
1274 1304 1410 1353 effici.
1482 1304 1531 1352 Is
1565 1303 1736 1367 utique

293 1382 355 1429 de
398 1382 641 1432 elemento
685 1405 879 1449 αρκτικῳ
913 1382 948 1431 S
982 1398 1137 1449 agens
1180 1397 1298 1448 pag.
1324 1392 1395 1431 42.
1439 1380 1472 1429 l.
1514 1391 1580 1430 15.
1626 1381 1735 1429 haec

293 1461 443 1509 habet
462 1482 474 1512 :

367 1540 490 1601 Quae
513 1541 609 1589 sibi
630 1547 730 1590 tres
753 1547 949 1590 tantum
963 1539 1148 1605 poterit
1169 1538 1475 1603 subjungere
1495 1542 1679 1596 mutas,

359 1617 417 1667 Si
438 1619 634 1686 quando
658 1625 864 1677 scutum,
888 1633 1101 1683 spumas,
1123 1615 1204 1665 vel
1225 1615 1433 1664 stamina
1453 1613 1578 1674 dico,

358 1696 484 1746 Haec
508 1697 613 1745 sola
638 1695 815 1761 efficiet
835 1697 970 1745 nudo
993 1702 1051 1743 ut
1070 1699 1360 1743 remanente
1381 1691 1594 1760 trochaeo

361 1776 639 1840 Spondeum
662 1776 874 1841 geminae
887 1774 1083 1839 possint
1087 1774 1307 1838 firmare
1329 1785 1533 1821 sonorae.

357 1863 379 1886 ⁶*
394 1852 654 1917 Exemplis
676 1870 746 1901 an
760 1868 926 1916 prava
950 1866 1148 1917 sequar,
1170 1849 1252 1897 vel
1271 1854 1426 1906 recta,
1443 1844 1665 1912 probabo
1681 1864 1700 1896 .·

359 1929 580 1993 Quisque
603 1930 727 1978 scire
750 1928 900 1993 cupit,
922 1927 1003 1976 vel
1024 1927 1231 1991 quisque
1255 1927 1470 1975 scribere
1493 1932 1642 1976 curat
1658 1943 1679 1975 .·

359 2007 490 2056 Ante
512 2013 640 2054 stare
663 2006 799 2054 decet
823 2020 973 2071 quum
994 2003 1103 2052 dico
1127 2010 1173 2052 et
1196 2019 1371 2068 separo
1393 2002 1632 2054 verbum:
1745 2001 1753 2007 ⁸

359 2083 490 2132 Ante
514 2082 843 2131 Stesichorum
866 2088 1030 2130 vatem
1051 2087 1240 2130 natura
1263 2080 1454 2130 creavit
1469 2097 1488 2128 .-

366 2157 549 2208 Ultima
573 2158 759 2208 vocalis
781 2173 1047 2208 remanens
1067 2158 1122 2206 in
1128 2160 1242 2222 fine
1264 2156 1469 2206 trocliaei

359 2231 628 2298 Excipitur
649 2233 863 2301 geminis
886 2232 998 2301 quis
1012 2232 1276 2298 proximus
1297 2232 1522 2282 exoritur
1534 2246 1628 2297 pes
1639 2250 1663 2291 ς

365 2309 502 2370 Quae,
528 2326 815 2377 quanquam
838 2309 998 2374 capite
1019 2308 1230 2359 alterius
1250 2308 1391 2359 verbi
1411 2314 1690 2369 teneantur,

361 2384 625 2450 Sufficiant
646 2394 778 2437 retro
800 2386 933 2437 vires
956 2393 1003 2437 et
1023 2393 1215 2452 tempus
1236 2393 1438 2456 oportet.

294 2473 486 2526 Deinde
507 2475 591 2523 lin.
616 2476 702 2524 ult.
1212 2540 1216 2546 .

315 2567 317 2569 ’
358 2551 530 2616 Incipe
553 2552 598 2600 si
619 2551 759 2601 dicas
781 2558 828 2601 et
850 2553 975 2602 scire
996 2558 1088 2603 aut
1109 2554 1322 2604 scribere
1330 2553 1534 2621 jungas

356 2627 580 2676 Creticus
603 2627 815 2693 efficitur

332 2733 368 2767 1.
397 2728 559 2766 Em‘rm
576 2727 852 2769 Hmnounn
870 2730 989 2769 Com·
1036 2730 1254 2770 Grammat.
1282 2745 1320 2782 p.
1338 2729 1430 2771 336.
1458 2731 1517 2771 ed.
1536 2704 1665 2784 Stepffi.
1693 2709 1745 2789 a?

400 2804 581 2840 mamm,
611 2792 660 2830 R.
675 2793 722 2831 Β.
1031 2794 1071 2833 in
1087 2795 1292 2846 exemplari
1309 2807 1376 2835 suo
1394 2794 1443 2833 R.
1456 2794 1506 2833 Β.

320 2890 322 2893 .
345 2861 384 2897 2.
411 2858 550 2896 levaret
576 2857 667 2896 Aldi
696 2858 858 2898 Manuu'i
889 2858 982 2898 Inst-
