1864 3132
863 263 931 311 53

179 370 304 437 Pag.
335 383 429 420 104.
465 371 496 419 l.
528 380 592 419 15.
630 366 721 416 tibi
738 367 836 433 fiet
858 367 1038 431 regula
1061 365 1219 431 plana.

182 447 304 523 Pag.
338 460 430 502 109.
466 447 496 495 l.
522 458 563 495 2.
599 451 865 510 utrumque
886 445 1075 508 planius
1095 443 1339 508 probaret.

181 524 279 572 Sed
302 539 463 588 neque
487 523 765 588 displiceret
787 520 991 570 clarius.

184 635 348 701 *Paga
373 647 443 684 51.
479 634 510 682 l.
536 634 620 682 ult.
1656 629 1716 679 27

214 721 325 771 Hoc
347 729 403 771 ut
427 721 661 785 exemplis
676 719 956 784 probemus,
968 731 1145 785 resque
1162 725 1217 766 ut
1235 717 1392 765 omnis
1409 715 1539 774 clara
1555 713 1619 763 sit

183 835 306 900 Pag.
331 832 402 887 98.
439 833 470 881 l.
501 845 567 882 10.

253 921 381 970 Sunt
402 921 506 970 haec
530 937 725 970 carmen
748 921 915 969 itidem
937 918 1151 986 dabunt]

185 1023 407 1072 Emenda
448 1022 628 1070 item.³⁶
700 1020 835 1070 Nam
878 1035 1045 1069 versus
1090 1019 1525 1069 choriambicorum
1570 1018 1621 1066 in

184 1116 390 1150 numero
411 1100 560 1158 venit,
587 1093 751 1164 'qualis
774 1106 862 1157 est,

252 1186 403 1236 Miles
426 1194 472 1235 te
494 1187 618 1236 duce
639 1186 851 1251 gesserit
875 1184 1024 1253 [Hor.
1049 1185 1210 1233 Carm.
1238 1200 1270 1231 1.
1298 1199 1371 1242 Ἦ,
1394 1180 1479 1247 4.].

90 1282 94 1286 ’
187 1286 337 1341 Extat
358 1292 520 1333 autem
542 1285 678 1333 locus
700 1285 847 1349 plane
869 1283 1106 1351 gemellus
1129 1300 1243 1349 pag.
1269 1298 1369 1347 seq.
1394 1282 1425 1330 l.
1457 1294 1521 1331 14.

258 1374 339 1423 Sic
362 1391 556 1423 carmen
573 1375 720 1438 prius
742 1381 844 1432 est3
865 1373 996 1439 finis
1020 1389 1145 1423 rrmu
1171 1373 1370 1421 dabunt.

193 1486 315 1552 Pag.
345 1497 439 1539 109.
475 1486 506 1533 l.
532 1497 602 1535 21.

259 1573 325 1622 Et
349 1589 633 1639 quanquam
652 1573 865 1621 iambum
891 1570 1107 1621 Flaccus
1127 1572 1394 1630 antemisit,

642 1661 971 1725 Trahuntque
994 1662 1147 1720 siccas
1167 1681 1178 1711 :

226 1786 233 1792 -
259 1749 436 1814 Magis
450 1743 828 1813 putandum'est
849 1755 950 1797 tres
973 1750 1115 1798 datos
1136 1750 1388 1810 trochos,
1421 1808 1429 1815 ²
1469 1799 1487 1826 ,-

264 1826 428 1888 Quam
449 1834 558 1891 post
578 1827 764 1875 iambos
787 1826 1016 1875 ultimum
1038 1826 1404 1887 antibacchum,

267 1903 480 1971 Uterque
497 1904 626 1970 finis
649 1904 760 1968 lege
782 1911 838 1952 ut
861 1911 987 1953 esset
1009 1922 1113 1953 una
1131 1923 1147 1952 .-

195 2014 272 2061 Ita
307 2029 369 2061 ex
398 2025 497 2061 var.
530 2013 659 2060 lectt.
701 2011 860 2060 locum
894 2013 1234 2078 retingendum
1271 2014 1543 2062 curavimus
1582 2020 1632 2062 et

195 2089 334 2136 metri
369 2095 419 2135 et
457 2088 713 2135 sententiae
753 2089 941 2137 ratione
975 2089 1184 2136 adducti.
1257 2088 1418 2156 Vulgo
1450 2089 1633 2161 leg-ingr

198 2163 500 2230 Quanquam
516 2164 781 2212 iambicum
791 2185 812 2220 ;
836 2165 970 2228 ‘quod
986 2166 1049 2213 ad
1066 2165 1241 2213 nullius
1255 2165 1394 2214 metri
1413 2181 1631 2213 normam

196 2242 328 2306 exigi
343 2248 530 2304 potest:
567 2249 619 2289 et
638 2258 764 2300 mox,
795 2240 957 2302 Quam
970 2249 1111 2305 petat
1132 2242 1367 2302 iambum,
1391 2243 1634 2291 sententia

196 2317 395 2365 omnino
429 2316 573 2364 nulla.
642 2318 824 2366 Vocem
862 2317 1128 2367 iambicum
1166 2319 1429 2366 correctori
1467 2318 1633 2366 nescio

198 2394 278 2442 cui
311 2394 382 2440 rei
421 2395 634 2442 metricae
669 2396 894 2459 imperito
927 2405 1178 2461 acceptam
1202 2396 1377 2447 refero.
1435 2394 1632 2459 Nempe

198 2469 403 2517 credidit
425 2469 499 2516 vir
518 2470 675 2518 bonus
697 2470 915 2520 iambum
939 2489 1037 2522 non
1060 2474 1153 2521 nisi
1167 2474 1344 2537 pedem
1368 2473 1628 2521 denotare:

198 2561 308 2595 cum
331 2554 494 2595 tamen
517 2550 649 2611 apud
670 2549 828 2613 ipsum
856 2555 884 2584 ²¹²
902 2550 1258 2603 Terentianum
1281 2569 1392 2619 pag.
1418 2552 1628 2619 praeced.
1670 2548 1733 2591 28

198 2638 292 2672 vox
313 2623 406 2670 ista
428 2624 487 2671 de
509 2640 658 2672 versu
679 2622 968 2692 usurpetur:

272 2711 397 2761 Cum
411 2721 559 2777 parte
580 2714 725 2764 iambi
748 2723 847 2766 tres
869 2717 1017 2767 habet
1039 2718 1275 2768 troclueos

736 2821 803 2875 ⁴36.
832 2835 928 2873 Item
948 2837 995 2874 R.
1011 2838 1055 2876 B.
