1864 3132
923 178 996 233 26,

241 293 464 359 Propert.
492 311 569 343 111.
607 305 647 343 2.
685 300 756 342 46.

304 391 438 442 «lura
463 394 578 441 dare
603 397 785 440 statuas
808 389 938 440 inter
960 398 1007 441 et
1028 406 1172 441 arma
1196 390 1351 442 Μανῖ.

241 491 363 559 Pag.
394 504 459 544 17.
496 491 525 539 l.
551 502 621 540 24.

729 585 824 638 secl
841 605 1040 638 morosa
1063 588 1272 637 intentio

313 664 443 713 Tam
466 661 677 730 legentis
698 664 837 715 debet
860 682 978 724 esse,
1004 682 1152 732 quam
1159 665 1269 733 suit
1285 664 1425 714 nobis
1443 662 1676 732 quoque]

238 765 625 814 Rescribendum
643 771 717 814 est
738 764 979 829 legenti.¹²
1021 762 1151 813 Tam
1163 764 1348 831 legenti
1363 780 1511 831 quam
1523 766 1676 815 nobis.

234 876 362 942 pag.
388 887 458 924 23.
495 875 526 923 l.
552 882 624 925 26.

306 963 446 1013 Edat
466 970 523 1013 ut
544 962 886 1028 diphthongon
915 978 1071 1012 unam
1093 964 1154 1012 de
1176 962 1373 1012 duabus
1393 959 1679 1029 vocalibus]

240 1048 422 1115 Versus
444 1066 494 1114 in
518 1064 717 1116 nimiam
738 1064 1093 1131 longitudinem
1117 1064 1343 1112 excurrit.
1381 1063 1481 1112 Pro
1495 1062 1681 1112 vocali·

240 1141 332 1191 bus
365 1142 478 1207 lege
511 1140 705 1190 voculis
729 1141 875 1207 juxta
919 1155 1059 1190 usum
1099 1156 1244 1205 quem
1284 1141 1392 1189 haec
1435 1157 1534 1190 vox
1565 1140 1680 1191 alibi

238 1219 373 1283 apud
394 1218 753 1267 Terentianum
777 1218 989 1267 sortitur.
1048 1218 1170 1285 Pag.
1200 1229 1266 1266 10.
1302 1218 1332 1265 l.
1359 1230 1429 1266 22.

307 1318 367 1379 Ε,
405 1334 512 1385 quae
535 1319 773 1385 sequitur,
807 1317 982 1366 vocula
1003 1316 1203 1366 dissona
1228 1323 1300 1366 est
1322 1317 1486 1381 priori.

241 1418 364 1484 Pag.
388 1429 459 1466 24.
495 1417 526 1465 l.
552 1429 622 1466 22.

313 1504 524 1566 Quando
549 1504 619 1553 sic
639 1503 813 1553 Graece
833 1511 1040 1552 notatur
1062 1510 1118 1552 ut
1140 1503 1207 1552 sit
1224 1508 1310 1552 ΟΥ
1336 1509 1382 1552 et
1404 1508 1446 1552 Υ
1471 1501 1622 1553 simul
1634 1523 1648 1563 ;

308 1587 431 1631 Ιωτα
454 1580 591 1647 queis
615 1580 660 1628 si
674 1580 988 1644 praelocetur,
1012 1586 1114 1629 tres
1135 1579 1361 1629 videmus
1381 1580 1595 1640 voculae,
1654 1645 1660 1650 ἡ

309 1658 359 1709 Ε
382 1659 560 1726 quibus
582 1665 812 1709 constare
834 1674 988 1723 supra
1011 1658 1260 1724 syllabam
1281 1659 1595 1725 negavimus,

296 1777 358 1813 12.
397 1773 475 1810 PR.
503 1784 540 1821 p.
556 1773 592 1809 5.
622 1769 822 1821 Postquam
838 1782 941 1807 acce-

238 1839 322 1876 dere
332 1836 482 1874 lividum
492 1834 655 1872 Virtutis
667 1833 805 1871 senium
814 1832 935 1870 videt:

237 1903 340 1941 -Ρ,
356 1914 392 1939 a.
407 1899 436 1938 l.
464 1898 608 1937 Virtuti
625 1897 769 1936 senium
779 1909 829 1934 ex
842 1896 938 1936 Bar-

239 1966 310 2006 tlzii
344 1964 528 2002 Adverss.
571 1973 649 2009 XV,
686 1963 727 1999 2.
771 1959 936 2010 reposuit

240 2032 435 2083 Taylorus.
491 2034 518 2052 ‘⁸
541 2028 587 2066 In
606 2026 809 2066 venerabili
835 2027 938 2065 Pan-

237 2097 430 2135 dectorum
462 2091 682 2142 exemplari,
715 2091 813 2141 quod
852 2090 937 2129 Flo-

240 2158 368 2199 rentiae
400 2156 635 2202 adservatur,
674 2165 705 2200 1,
750 2155 779 2200 ξ.
809 2156 845 2191 5.
882 2153 935 2191 D.

240 2224 289 2264 N
287 2229 399 2270 autae,
440 2221 643 2271 conpone-5,
686 2218 743 2258 ait
777 2218 937 2267 Praetor,

241 2290 372 2336 Qvon
392 2298 526 2327 cvsvs
547 2295 705 2324 szvn
720 2283 940 2323 forecnrn-

244 2351 480 2393 Rer-—id
529 2356 601 2398 est,
664 2349 775 2393 Quod
831 2349 936 2400 cujus

243 2418 395 2459 salvum
408 2417 504 2469 jore
539 2415 805 2466 receperint—
819 2414 938 2452 Idem.

242 2483 339 2523 Hor.
360 2481 480 2531 Epist.
501 2491 554 2528 11,
588 2480 616 2526 i,
649 2478 738 2518 160.
766 2478 940 2529 hodieque

240 2549 384 2585 manent
429 2542 587 2595 vestigia
627 2543 735 2582 ruris.
797 2542 940 2581 Littera

245 2610 271 2650 S
318 2608 459 2654 demta,
509 2605 638 2644 omnia
682 2606 939 2656 complanavit

243 2673 386 2712 Pnffir.
422 2670 472 2708 ad
505 2668 601 2708 Hor.
638 2670 757 2709 Paris.
794 2674 935 2715 1770.;

244 2735 542 2781 emendationem
570 2735 741 2786 equidem
766 2734 939 2774 Valartio

244 2813 366 2856 neque
404 2799 539 2850 tribuo,
592 2810 713 2850 >neque
755 2798 938 2850 abjudieo.

994 1770 1116 1807 Extra
1147 1770 1301 1807 dubium
1331 1770 1477 1807 videtur
1503 1769 1543 1807 in
1566 1767 1686 1807 Italiae

991 1832 1148 1881 oppidis,
1176 1832 1215 1870 in
1233 1833 1364 1883 quibus
1383 1831 1529 1870 Latinae
1547 1831 1686 1882 linguae

991 1909 1078 1935 usus
1105 1896 1276 1944 invaluit,
1302 1896 1426 1946 plures
1463 1896 1686 1946 incon-uptae

990 1962 1220 2014 antiquitatis
1254 1975 1366 2000 voces
1396 1961 1509 2001 fuisse
1541 1973 1687 2000 conser-

989 2034 1100 2067 vatas
1124 2042 1217 2080 quas
1251 2026 1384 2068 urbani
1418 2041 1504 2067 raro
1532 2040 1688 2079 usurpa·

989 2095 1105 2133 bant:
1137 2107 1247 2133 voces
1276 2108 1408 2144 nempe
1435 2106 1577 2144 asperae
1605 2106 1688 2133 sca-

990 2158 1139 2208 braeque
1192 2170 1255 2195 rus
1300 2157 1606 2208 commigrarunt,
1651 2163 1689 2196 et

992 2219 1092 2258 Latii
1134 2232 1258 2258 sermo
1292 2233 1466 2259 successu
1508 2221 1687 2272 temporis

990 2282 1138 2322 nitidior
1153 2288 1191 2321 et
1206 2284 1385 2322 tornatior
1402 2283 1534 2323 evasit.
1573 2284 1688 2335 Apud

990 2353 1195 2395 nostrates.
1225 2349 1511 2398 septentn'onem
1543 2361 1687 2396 versus,

992 2410 1118 2451 audies
1141 2410 1256 2450 etiam
1273 2413 1390 2451 verba
1410 2412 1585 2464 quaedam
1612 2424 1686 2450 non

991 2479 1081 2518 trita
1122 2478 1293 2527 Londini,
1339 2480 1471 2531 quibus
1515 2481 1688 2518 utebatur

990 2544 1128 2596 linguae
1139 2551 1278 2584 nostrae
1287 2558 1421 2593 canon,
1430 2543 1686 2595 Shaksperius,

991 2616 1029 2650 et
1070 2610 1202 2662 quibus
1252 2612 1451 2650 Britannos
1491 2610 1584 2649 mire
1624 2610 1688 2649 de-

991 2675 1116 2715 lectat.
1173 2677 1258 2716 Sen.
1299 2676 1413 2716 Herc.
1459 2675 1546 2715 Fur.
1593 2680 1685 2716 842.

995 2738 1085 2779 Cum
1127 2742 1244 2795 longae
1293 2742 1390 2782 redit
1432 2741 1524 2782 hora
1567 2741 1685 2782 noctis

991 2807 1091 2845 nocti
1120 2804 1167 2846 R.
1188 2807 1235 2845 B.

1838 1710 1864 2393 i

1852 809 1864 910 -moe
1856 687 1864 797 .-.-..a.
1855 460 1864 673 ...κς-..-ωψ-
1861 417 1864 442 -.
1860 378 1864 402 ...
1861 351 1864 358 .
