1864 3132
944 241 1048 292 224

272 351 365 402 fuit
404 350 483 399 hic
521 346 765 405 Athenaei,
812 345 951 413 cujus
991 344 1252 395 auctoritas
1291 345 1582 405 venditatur,
1628 362 1712 396 ex-

273 422 501 494 cerptor?
574 425 673 475 Aut
711 422 867 489 qualis
907 424 1099 473 demum
1139 431 1214 472 est
1254 424 1463 473 hominis
1503 426 1713 477 auctori-

272 502 399 562 taS,⁵¹
464 502 602 568 cujus
646 517 808 566 neque
853 501 914 570 de
958 501 1172 560 nomine,
1235 519 1327 551 nec
1374 504 1568 563 saecule,
1619 519 1715 554 nec

272 582 449 648 patria,
491 597 596 635 nec,
623 579 896 650 eruditione
930 579 1200 644 quidquam
1242 580 1540 631 innotescit?
1616 581 1715 631 Sed

273 662 404 715 dicet
430 660 556 709 forte
575 658 648 708 vir
671 658 902 727 eruditus,
922 658 1277 709 emendandum
1295 675 1402 707 esse
1420 660 1713 709 Athenaeum

268 741 430 808 juxta·
460 738 756 802 excerptoris
798 735 963 794 verba,
1020 742 1342 799 παραπλησιως
1385 733 1430 786 δε
1471 759 1540 785 και
1581 759 1639 785 το
1681 746 1716 784 Ε
1784 746 1794 752 ’

274 823 531 882 Ιγραφουσιν
570 826 666 870 &a
756 811 883 861 Mihi
930 827 1044 863 vero
1091 817 1262 858 contra
1300 811 1406 874 pari
1442 811 1561 877 jure
1600 826 1716 860 con-

274 894 470 944 firmare
504 893 670 942 licebit
701 884 1042 956 refingendum
1068 905 1174 937 esse
1210 895 1544 953 excerptorem
1571 888 1720 955 Juxta

273 974 432 1038 ipsum
458 973 766 1028 Athenaeum‚
802 976 1121 1033 παραπλησιως
1158 965 1205 1015 δε
1238 990 1306 1015 και
1335 990 1399 1031 τῳ
1434 979 1604 1016 Υκαντι
1637 983 1720 1018 του

276 1060 348 1099 ΥΙ.
422 1050 576 1098 Porro
610 1054 787 1104 autem,
828 1053 884 1094 ut
918 1046 1087 1093 demus
1125 1044 1285 1108 ipsum
1323 1046 1617 1094 Athenaeum
1651 1046 1721 1094 ita

276 1127 538 1190 scripsisse,
580 1124 847 1172 doctrinam
872 1123 976 1188 ejus
1010 1122 1145 1186 (quae
1168 1138 1336 1170 omnes
1358 1146 1567 1189 αρχαιους
1589 1141 1719 1173 com-

149 1226 242 1267 132
277 1205 527 1270 plectitur)
565 1205 592 1232 *
614 1201 780 1249 falsam
805 1216 910 1248 esse
933 1199 1123 1256 clamat,
1150 1199 1278 1247 inter
1300 1200 1393 1248 alia
1415 1201 1719 1265 antiquitatis

278 1290 609 1340 monumenta,
634 1280 875 1330 sexcentis
899 1280 950 1328 in
973 1279 1091 1327 locis
1117 1278 1340 1328 Marmor
1360 1280 1689 1328 Sandvicense
1703 1274 1739 1338 ;’
1767 1339 1770 1341 ‚

277 1362 329 1410 in
356 1377 468 1425 quo,
505 1360 575 1407 uti
598 1359 820 1415 diximuS,
854 1367 891 1405 Ο
914 1357 1020 1404 vice
1043 1356 1293 1420 potestatis
1319 1366 1407 1405 ow
1442 1363 1723 1406 constanter

276 1437 584 1500 adhibeatur,
638 1444 691 1483 ΕΙ
737 1449 854 1482 vero
899 1449 999 1481 non
1047 1433 1204 1481 minus
1251 1439 1534 1483 constanter
1577 1433 1723 1499 plene

279 1520 524 1563 exaretur.

362 1602 439 1651 Ad
481 1601 846 1665 inscriptionem
893 1599 1144 1649 Deliacam
1192 1616 1322 1649 nunc
1366 1600 1486 1649 libet
1529 1586 1755 1651 revertis

282 1680 459 1729 Habeo
504 1679 632 1728 enim
673 1677 907 1727 nonnulla
950 1678 1001 1726 in
1040 1694 1099 1726 ea
1138 1679 1455 1737 observanda,
1501 1695 1611 1744 quae
1655 1678 1724 1727 vi-

282 1774 449 1807 rorum
495 1757 880 1805 doctissimorum
926 1755 1167 1803 solertiam
1213 1755 1476 1804 eluserunt.
1580 1754 1723 1804 Priu-

285 1838 411 1901 cipio
445 1844 607 1885 autem
637 1853 726 1921 pro
768 1845 805 1884 Ο
840 1835 1150 1883 scribendum
1186 1842 1259 1882 est
1293 1844 1383 1882 ΤΟ.
1458 1834 1620 1897 Atque
1655 1832 1725 1881 ita

286 1913 479 1980 quidem
527 1913 792 1980 conjecisse
832 1911 974 1959 video
1019 1911 1259 1959 eruditum
1307 1908 1727 1969 Shuckfordium,†

285 1993 371 2040 sed
412 1991 542 2040 nullo
581 1988 873 2056 argumento
914 1988 1243 2074 conjecturam
1285 1987 1527 2037 firmatum
1566 1986 1723 2035 ivisse.

285 2072 352 2120 At
392 2070 521 2118 enim
553 2069 591 2116 si
632 2068 794 2118 Graeci
836 2066 1070 2115 sermonis
1104 2064 1315 2113 indolem
1344 2064 1725 2129 perspectiorem

284 2149 550 2206 habuisset,
593 2148 822 2196 sensisset
861 2162 1030 2195 vocem
1069 2149 1250 2193 AFYTO
1285 2144 1492 2192 articulo
1525 2144 1727 2191 destitu-

286 2234 384 2276 tam
425 2228 517 2276 loci
556 2227 846 2275 sententiam
884 2225 1063 2273 nullam
1099 2223 1305 2272 efficere.
1375 2223 1559 2289 Neque
1598 2223 1727 2272 enim

286 2329 432 2366 αυτ-ος,
469 2307 561 2355 nisi
586 2324 695 2355 cum
721 2305 925 2355 articulo
949 2303 1280 2370 conjunctum,
1314 2303 1488 2352 idem⁵²
1523 2318 1727 2368 usquam

288 2482 373 2528 φας,
406 2487 537 2512 verum
566 2487 640 2512 non
669 2474 797 2526 kepfos
822 2485 983 2524 pronun·
1102 2473 1166 2509 51.
1210 2469 1298 2507 Vid.
1335 2467 1385 2506 R.
1405 2468 1453 2506 B.
1490 2467 1650 2506 Dissert.
1685 2467 1730 2505 de

286 2540 442 2579 ciabant
470 2539 533 2576 sed
567 2538 709 2586 lsoeffos:
753 2539 807 2576 ita
829 2536 984 2589 Σαπφό
1038 2533 1353 2573 Pseudo-Phalara
1387 2546 1448 2583 pp.
1479 2535 1568 2569 112.
1599 2535 1731 2570 130-

287 2616 364 2641 non
391 2602 596 2640 efferrimus
616 2600 732 2652 Sapgfo
749 2601 819 2638 ‚sed
845 2599 984 2650 Sqffol’
1042 2604 1129 2638 132.
1160 2597 1476 2650 Schweighoeuser.
1507 2596 1651 2635 PRAEF.
1683 2595 1733 2634 ad

290 2668 484 2717 Aristoph.
519 2667 620 2704 Nub.
648 2671 734 2705 122.
779 2663 983 2718 σαπφόρας
1040 2664 1179 2702 Athen.
1200 2664 1245 2701 P.
1265 2674 1323 2701 c1.

287 2739 330 2772 et
349 2736 464 2771 1301.
499 2730 685 2784 σαπφόρα
713 2731 829 2768 MSS.
860 2732 987 2768 Arun-
1094 2732 1119 2774 †.
1149 2730 1320 2780 Append.
1338 2741 1375 2779 p.
1397 2727 1488 2773 19*-

293 2799 365 2837 del.
399 2805 436 2836 et
460 2797 608 2844 -SchoL,
647 2796 756 2835 Harl.
777 2801 814 2834 2.
850 2801 887 2833 et
914 2796 986 2834 Ba-
1095 2802 1158 2836 52.
1190 2795 1297 2835 Cous.
1323 2793 1449 2834 Valck.
1478 2794 1525 2831 ad
1553 2793 1641 2831 Eur.
1660 2792 1733 2831 Ph.

294 2877 392 2905 τοῦθ.
413 2863 462 2902 R.
482 2864 537 2903 Ρ.·
552 2863 650 2914 apud
676 2862 722 2900 P.
739 2862 783 2902 Ρ.
800 2859 855 2900 D.
1041 2865 1134 2908 927.
1163 2856 1213 2899 R.
1229 2860 1275 2899 P.
1292 2858 1343 2897 ad
1360 2858 1456 2898 Hec.
1474 2860 1705 2904 299=295.
