1864 3132
948 254 1050 309 440

269 366 416 431 longe
462 363 807 430 ineptissimam
852 379 973 415 esse.
1065 366 1118 415 Si
1169 366 1478 432 prdsoedidnt³
1493 367 1711 433 stim,

134 444 232 487 250
268 445 439 494 eadem
479 450 700 493 servatur
738 443 1130 511 analag-'ieiumi'
1165 446 1440 496 Atticorum
1478 448 1620 504 *ᾶήμι
1647 454 1715 496 et

269 523 442 572 Ionum
466 543 621 581 awmua,
657 538 768 587 quae
791 523 920 572 inter
938 520 1129 572 illorum
1152 528 1229 574 ᾱὶω
1250 531 1301 574 et
1321 526 1497 575 horum
1516 546 1646 574 amu.
1698 560 1707 569 ,

336 599 395 648 V.
422 611 522 648 435.
570 606 629 652 Ως
648 601 776 652 οὖτος
796 598 874 658 ηδη
892 622 954 664 ’γε
982 623 1130 653 κακιας·
1160 624 1229 651 και
1262 609 1562 668 συκοφαντιας
1591 600 1716 665 *tt-vet]

268 676 574 743 Neutiquam
598 679 827 728 ferendus
850 686 923 728 est
954 687 1186 730 accentus
1208 681 1259 730 in
1284 682 1500 731 voculam
1523 702 1586 745 ’γε
1608 696 1715 731 cor·

267 760 457 818 reptam
483 756 675 804 cadens,
746 755 883 822 Lege
913 773 1044 814 vero,

335 849 394 895 Ως
427 844 554 895 οὗτος
589 843 666 902 ηδη
702 846 1165 894 KA1K1A2¹¹⁵—

267 931 464 996 Nempe
488 932 722 981 adludens
744 930 822 980 hic
843 932 1035 981 Chorus
1075 934 1138 981 ad
1174 949 1247 992 ea,
1289 949 1399 998 quae
1427 933 1533 999 jam
1569 947 1718 997 supra

268 1008 390 1055 dixit
412 1008 609 1056 (ΠΕΟ-
628 1030 697 1055 και
725 1030 870 1071 pue-‘yag-
892 1031 1085 1067 καταεις,
1124 1015 1248 1065 Ομου
1276 1032 1518 1074 ταραττων
1547 1030 1630 1065 την
1656 1030 1716 1056 ’τε

267 1105 357 1146 σγην
393 1088 486 1132 ξπ.
538 1083 675 1131 venti
717 1085 914 1132 nomine
959 1101 1070 1133 eum
1113 1086 1344 1150 impertit.
1438 1086 1603 1149 Atque
1646 1084 1718 1132 ita

266 1159 462 1225 quidem
486 1159 564 1207 vix
587 1160 771 1218 dubito,
808 1160 924 1225 quin
948 1158 1125 1226 legerit
1147 1158 1455 1208 Scholiastes.
1600 1159 1604 1163 ’

267 1248 326 1297 V.
353 1260 451 1302 712.
513 1254 773 1305 Επισταμαι
807 1266 903 1314 ’γὰρ
939 1272 1076 1298 αυτον
1109 1250 1170 1301 ὄις
1203 1249 1473 1314 ψωμιζεται.

383 1332 484 1375 ΑΛ.
523 1331 779 1392 Καθωσπερ
813 1328 857 1375 ἀι
891 1331 1044 1375 τιτθαι
1079 1349 1141 1389 ’γε
1174 1327 1355 1392 σιτιζεις
1387 1320 1552 1393 atatem]

266 1414 533 1480 Principio,
558 1420 796 1482 καθωσπερ
821 1417 920 1466 sive
942 1419 1080 1467 καθως
1102 1431 1202 1464 non
1227 1421 1303 1463 est
1320 1415 1411 1463 nisi
1428 1415 1715 1465 recentioris
1776 1408 1779 1411 ἢ

264 1493 456 1552 farinae,
491 1494 828 1559 Aristophanis
869 1504 1031 1543 autem
1071 1494 1373 1558 temporibus
1419 1502 1518 1542 non
1558 1495 1714 1560 magis

266 1569 431 1619 Attice
467 1570 561 1618 dici
583 1571 758 1634 potuit,
787 1587 934 1636 quam
957 1571 1049 1628 vel,
1074 1571 1205 1636 quod
1234 1570 1361 1618 ridet
1382 1570 1627 1629 Comicus,
1648 1571 1713 1619 ab

266 1644 465 1695 homine
520 1646 731 1696 barbaro
785 1653 1072 1712 usurpatum
1130 1647 1419 1716 χοιιρομιιοιι,116
1460 1647 1539 1697 vel
1581 1648 1713 1713 quod

265 1723 412 1772 hodie
434 1724 563 1789 apud
585 1723 880 1791 AEschylum
902 1724 1084 1790 legitur
1105 1722 1261 1782 ἠδοιμι.
1332 1725 1527 1774 Deinde
1557 1725 1713 1790 magis

264 1799 496 1853 ασυνδετος
530 1807 605 1850 est
636 1802 808 1860 oratio,
855 1818 1001 1866 quam
1043 1818 1153 1867 quae
1196 1802 1248 1850 in
1293 1802 1550 1851 Comoedia
1592 1801 1712 1850 ferri

262 1882 432 1944 possit.
502 1880 588 1929 Tu
632 1897 761 1939 vero,
803 1882 842 1928 si
888 1881 1029 1945 sapis,
1077 1882 1276 1930 totidem
1320 1882 1484 1930 literas
1526 1885 1711 1944 puncto

262 1957 501 2006 duntaxat
543 1957 780 2023 subjecto,
833 1957 902 2005 sic
946 1957 1298 2021 dispertiendus
1344 1955 1549 2012 curabis,
1606 1957 1733 2018 Κᾳθ·

265 2035 560 2100 ωσπερῑη-
577 2033 805 2098 AEschyli
827 2039 1007 2090 autem,
1051 2033 1115 2079 ad
1144 2047 1289 2095 quem
1323 2031 1531 2095 respexi,
1571 2031 1709 2079 locus

323 2147 414 2181 115.
444 2147 470 2166 ‘⁴
492 2142 649 2180 Omittit
670 2157 715 2189 «γε
735 2140 880 2178 Aldus’'
906 2141 958 2187 (et

266 2207 372 2247 Junt.
402 2219 433 2254 1,
468 2210 523 2255 2.)
559 2205 608 2243 R.
639 2205 684 2243 P.
721 2217 831 2255 quem
861 2203 956 2241 conf.

266 2284 381 2323 supra
399 2284 435 2321 p.
454 2275 570 2316 344.;
603 2271 666 2308 ‘sss-
688 2267 798 2307 οὗτος
816 2268 902 2314 ἤτοι
921 2285 955 2308 κ.

267 2336 366 2374 Rav.
382 2350 393 2381 ;
412 2339 434 2358 “
452 2334 542 2385 Leg.
561 2334 716 2384 Κᾳκίας.
738 2332 827 2370 Sch.
845 2331 958 2370 stulte

262 2400 525 2449 interpretatur
544 2397 690 2435 Νότον·
714 2409 804 2434 nam
818 2395 959 2434 Caesias

266 2477 292 2504 a
309 2464 468 2504 solstitio
484 2463 614 2502 aestivo
635 2463 701 2500 flat
727 2463 789 2514 [ab
809 2461 961 2499 Oriente

267 2527 483 2573 Solstitiali,
518 2528 637 2577 inquit
670 2526 820 2573 Seneca,
865 2525 959 2563 Nat.

269 2595 415 2641 Quaest.
429 2605 469 2639 v,
484 2590 545 2630 16.
565 2591 660 2629 East
671 2591 799 2629 North
812 2591 956 2641 East.];

259 2658 408 2697 Ἕλκων
435 2656 495 2708 ἐφ’
523 2655 639 2693 αὐτόν
671 2657 717 2693 εἷς
748 2658 771 2692 ὁ
802 2655 957 2693 Καικίας

270 2722 376 2775 νέφη.
406 2721 505 2759 Hinc
525 2726 651 2759 autem
668 2721 812 2770 Κᾳκίας·
832 2722 959 2773 πειρῷ-

269 2789 319 2827 δει
331 2792 460 2838 poeta3
481 2784 654 2823 salmasii
665 2797 766 2822 error
776 2786 955 2835 arguitur,

270 2853 331 2905 qui
343 2854 478 2891 καῖκὶας
490 2850 617 2890 scribit
628 2851 956 2902 τετρασύλλαβως

1010 2138 1049 2176 in
1067 2139 1165 2177 notis
1178 2140 1226 2179 ad
1243 2139 1453 2178 Solinum.''
1471 2140 1521 2178 R.
1537 2140 1584 2178 Β.
1603 2140 1651 2178 ad
1669 2140 1710 2187 1.,

1011 2210 1048 2243 et
1059 2206 1146 2242 adv.
1161 2203 1314 2251 Comus,
1329 2217 1361 2252 1,
1375 2218 1411 2255 p.
1427 2210 1494 2250 99.
1513 2210 1536 2229 ‘¹
1552 2206 1708 2244 xamtae

1012 2273 1062 2309 A.
1102 2271 1279 2308 Schottus
1308 2271 1356 2308 ad
1390 2270 1611 2321 Diogenian.
1642 2282 1707 2316 ιν,

1012 2334 1100 2374 66.”
1130 2334 1238 2372 R.P.
1257 2335 1356 2384 apud
1372 2334 1419 2371 Ρ.
1429 2334 1538 2372 P.D.
1551 2334 1706 2372 Kaman-

1015 2413 1062 2438 ex
1082 2399 1282 2438 scholiasta
1301 2399 1499 2438 Kusterns.

1074 2464 1161 2503 116.
1191 2465 1279 2502 Pac.
1299 2468 1390 2518 290¹.

1070 2534 1159 2573 117.
1189 2528 1300 2567 Cous.
1335 2528 1432 2567 infra
1466 2527 1515 2564 ad
1545 2540 1581 2577 p.
1612 2531 1705 2566 308.

1013 2595 1105 2646 Leg.
1139 2593 1219 2646 κᾷθ’
1248 2594 1392 2647 οἵσπερ·
1407 2592 1458 2630 R.
1478 2592 1539 2639 B.,
1583 2592 1705 2631 Piera·-

1012 2662 1060 2699 ad
1081 2661 1194 2698 Moer.
1213 2673 1250 2710 p.
1271 2658 1363 2698 360.
1391 2663 1428 2695 et
1453 2670 1500 2695 ex
1524 2658 1613 2696 MS.
1635 2657 1704 2695 Br.

1011 2732 1037 2750 “
1061 2725 1243 2763 Nonnihil
1267 2725 1422 2774 adjuvat
1440 2724 1606 2761 Dawesii
1624 2735 1706 2761 sen-

1011 2791 1165 2828 tentiam
1196 2790 1292 2841 quod
1311 2789 1401 2826 citat
1420 2788 1647 2826 Scholiastes
1663 2787 1703 2825 in

1010 2857 1092 2894 edd.
1129 2856 1200 2894 hac
1237 2856 1342 2905 (Bas.
1379 2857 1443 2904 2.),
1488 2853 1630 2894 Aldina
1663 2858 1702 2893 et
