1864 3132
120 654 216 694 325

916 211 1038 266 564.

255 315 516 373 spectetur,
552 328 723 375 parum
748 316 989 381 congruit.
1060 316 1282 381 Utraque
1306 331 1423 366 vero
1444 332 1498 366 re
1522 317 1689 384 conju-

255 394 394 435 rante
419 381 663 440 rescribo:

425 478 1154 528 HMHmAOYNAMAYTON280
1188 487 1366 546 ωφελον
1393 502 1509 529 ποτε

257 565 303 619 h.
330 580 370 612 e.
407 588 467 620 μη
494 563 709 615 επιδουναι
737 590 940 622 εμαυτον.

375 654 477 702 *V.
503 666 602 703 484.
653 655 807 707 Ξυνοιδ
837 680 1007 727 εμαυτῃ
1041 666 1179 707 πολλ’
1235 680 1367 706 erce-tvo
1400 654 1425 705 ὃ
1457 657 1556 720 ουν]

257 746 288 764 “
310 741 527 791 Metrum
553 744 822 796 claudicat:
861 747 989 812 quod
1013 753 1066 795 ut
1095 747 1340 804 fulciatur,
1382 746 1690 795 scribendum

255 824 287 844 “
312 826 412 869 est:
433 873 443 880 ,

391 907 544 958 Eunoni
578 933 748 980 εμαυτῃ
781 919 933 959 πολλα
967 929 1063 960 κακ·
1116 936 1249 961 εκεινο
1284 911 1307 960 d
1342 916 1462 961 ουν.”

256 996 402 1045 Kust.
433 996 586 1047 Immo
602 999 809 1048 fulcrum
826 1007 978 1058 tuum,
996 1002 1083 1048 Vir
1101 1002 1191 1060 CL,
1211 1002 1494 1065 neutiquam
1513 998 1690 1057 effecit,

219 1100 222 1103 >
254 1076 370 1139 quin
395 1093 562 1124 versus
597 1077 859 1125 etiamnum
896 1078 1153 1126 claudicet.
1218 1080 1392 1127 Adhuc
1427 1078 1557 1126 enim
1591 1092 1694 1125 uno

253 1158 471 1217 tempore
496 1153 654 1201 minor
676 1161 761 1202 est.
822 1155 1013 1203 Bisetus
1032 1155 1174 1203 istum
1193 1155 1243 1202 in
1262 1155 1456 1202 modum
1480 1152 1691 1217 suppleri

252 1230 435 1280 voluit:

456 1316 611 1368 Ξυνοιδ
643 1343 814 1389 εμαυτῃ
846 1329 983 1369 πολλ’
1022 1343 1152 1370 εκεινο
1182 1317 1206 1367 3
1235 1342 1323 1378 ουν,
1356 1319 1430 1367 ὅτι

459 1403 748 1456 Δεινοτατον,
784 1399 867 1446 ὅτε
885 1426 952 1433 --

253 1487 364 1546 Quo
388 1486 469 1536 vix
494 1487 757 1552 quidquam
782 1489 878 1536 vidi
919 1487 1073 1553 magis
1103 1488 1365 1535 inficetum.
1425 1484 1540 1533 Jam
1575 1498 1690 1532 vero
1730 1526 1738 1531 .

251 1562 494 1611 scribendi
517 1564 754 1619 rationem
780 1571 999 1623 unamxet
1032 1565 1232 1612 alteram
1273 1563 1532 1620 exhibebo,
1571 1572 1690 1626 qua—

250 1654 356 1686 rum
383 1648 572 1699 neutra,
597 1641 788 1705 opinor,
813 1643 1016 1690 Comico
1040 1642 1243 1707 indigna
1265 1641 1525 1689 videbitur.

385 1729 539 1781 Ξυνοιδ
573 1755 742 1801 enam-37
777 1740 931 1781 πολλα
960 1732 1166 1791 ΔΕΙΝῇ81
1209 1752 1342 1781 εκεινο
1372 1729 1396 1778 3
1425 1753 1498 1780 ουν

386 1817 660 1860 Δεινοτατον
677 1843 744 1850 —-

386 1886 543 1937 Ξυνοιδ
575 1912 746 1959 enaim-p
781 1884 935 1939 πολλα
971 1900 1135 1948 ΔΡΩΣ,
1172 1912 1307 1938 exc-:wo
1341 1885 1365 1935 ὃ
1401 1911 1474 1936 ουν

251 1989 461 2054 Utrique
484 1996 647 2038 autem
678 1991 880 2054 perinde
918 1990 1064 2047 favet,
1100 1989 1229 2053 quod
1262 1989 1394 2051 apud
1418 1987 1687 2050 Euripiden

251 2072 385 2114 extat
406 2067 456 2113 in
482 2067 657 2115 Oreste
681 2084 803 2115 vers.
830 2072 915 2119 396
941 2068 1086 2130 (390).

319 2167 364 2209 H
395 2165 630 2222 συωςσις,289
663 2164 736 2212 ότι
771 2174 1027 2212 ΣΥΝΟΙΔΑ
1058 2174 1195 2211 ΔΕΙΝ
1227 2173 1642 2211 ΕΙΡΓΑΣΜΕΝΟΣ.

396 2251 453 2298 V.
479 2262 578 2306 497.
627 2257 753 2301 Ταυτ
777 2250 1036 2301 ουδεπωποτ
1069 2258 1257 2317 εφωρατ
1290 2249 1545 2316 Ευριπιδης]

251 2348 284 2368 “
305 2342 559 2391 Claudicat
583 2350 820 2394 metrum:
860 2345 990 2407 quod
1024 2344 1074 2391 in
1110 2343 1354 2407 integrum
1389 2341 1685 2399 restituetur,

303 2478 396 2512 280.
423 2478 445 2497 “
466 2473 493 2511 l.
511 2474 682 2522 ἐμαυτόν.
706 2475 756 2513 R.
776 2474 822 2513 B.
842 2476 943 2514 Kus-
1052 2480 1142 2514 281.
1170 2479 1193 2497 ‘⁶
1212 2474 1302 2511 forte
1321 2472 1419 2511 δειναὶ
1436 2475 1521 2510 vro-'³
1550 2471 1599 2509 R.
1613 2471 1660 2510 Β.

252 2545 328 2578 tero
346 2537 543 2577 assentitur
562 2544 597 2576 et
627 2538 792 2578 Dawesii
819 2553 943 2578 emen·
1051 2543 1143 2577 282.
1172 2537 1222 2575 ‘H
1239 2537 1472 2590 ξύνεσις-ι’
1490 2535 1601 2574 Hanc
1629 2550 1686 2576 re-

251 2604 439 2641 dationem
456 2603 683 2654 ineptissime
706 2606 824 2655 rejicit
843 2607 943 2644 Dor-
995 2603 1124 2655 gulam
1143 2602 1234 2640 mihi
1264 2601 1379 2640 semel
1406 2601 1531 2645 statui,
1560 2607 1602 2640 ut
1618 2603 1686 2655 ξιὶν

251 2667 376 2705 villius
387 2667 435 2704 ad
444 2666 637 2705 Chariton.
658 2682 693 2717 p.
708 2672 816 2714 593.”
836 2669 941 2708 R.P.
996 2680 1140 2718 semper
1176 2680 1242 2716 pro
1263 2657 1345 2704 ’σῦν
1380 2665 1589 2713 scriberem,
1623 2668 1686 2705 ubi

249 2730 347 2779 apud
380 2729 490 2767 Ρ.Ρ.
505 2729 559 2767 D.
592 2729 648 2768 ”H
676 2731 727 2777 μή
753 2731 939 2771 ’πιδιδόναι
994 2746 1058 2784 per
1076 2739 1238 2770 metrum
1263 2737 1300 2770 et
1327 2743 1496 2769 numeros
1526 2731 1688 2770 liceret.''

253 2795 368 2844 Toup.
388 2795 436 2833 ad
454 2794 624 2847 Hesych.
647 2790 719 2842 r11,
742 2800 803 2833 50.
997 2798 1045 2836 R.
1065 2797 1108 2836 P.
1138 2798 1184 2836 ad
1206 2797 1307 2834 Med.
1325 2809 1376 2834 11.
1395 2801 1431 2834 et
1451 2795 1545 2834 Hec.
1569 2801 1656 2841 109.
