1864 3132
810 221 911 272 235

149 326 248 376 apud
267 324 475 364 Hesiodum
495 335 642 375 perraro
661 324 815 375 quiescit
826 341 836 371 3

149 392 214 429 sed
238 391 347 441 hujus
372 391 423 429 rei
446 390 536 429 fines
545 388 732 431 sat-curate
753 403 840 428 con-

119 454 298 492 ·stituere
326 453 539 504 perdifficile
572 459 641 492 est.
725 453 838 499 Quod

149 521 199 558 ad
243 520 458 558 recentiores
500 523 628 568 poetas
681 523 838 568 spectat,

149 584 243 622 nihil
261 589 317 622 est
334 584 430 634 quod
451 596 518 621 nos
544 583 683 621 morari
706 588 838 634 queat3

151 660 225 699 quo
246 647 346 685 enim
370 647 512 698 longius
538 660 562 685 a
587 647 733 685 Graecae
755 659 842 696 poe-

151 722 234 749 seos
268 709 367 748 fonte
402 710 588 758 vixerunt,
634 723 677 748 eo
719 710 841 760 magis

151 773 322 824 elanguet
366 779 403 811 et
447 786 537 823 pene
581 775 741 813 evanida
786 779 843 812 est

151 839 263 888 hujus
295 838 427 880 formae
458 840 588 886 virtus,
623 845 665 878 ut
686 838 845 889 jampri-

153 905 239 941 dem
279 904 317 941 in
353 903 521 943 Censura
557 904 698 943 Critica
731 903 843 953 (Crit.

155 966 248 1004 Rev.
268 966 369 1005 Nov.
391 971 508 1007 1804.
527 981 588 1019 pp.
602 970 844 1017 339—343.)

154 1031 292 1080 partim
322 1031 488 1070 evincere
523 1032 678 1079 tentavi,
694 1072 697 1073 ⁷
712 1037 751 1070 et
777 1044 846 1069 nu-

154 1096 313 1144 perrime
346 1096 446 1134 aliis
470 1097 750 1135 auctoritatibus
790 1097 846 1134 in-

154 1165 315 1197 structus
339 1159 528 1210 aliquanto
550 1150 693 1210 plenius
712 1166 750 1199 et
765 1173 847 1199 ma-

155 1223 212 1273 gis
257 1223 417 1262 sollicita
467 1224 609 1262 mentis·
649 1224 848 1262 intentione

156 1288 379 1332 retractavi„
439 1293 462 1311 “
483 1288 524 1326 Si
556 1301 644 1327 vero
679 1288 848 1326 carmina

158 1358 240 1389 tam
275 1364 357 1389 sero
390 1351 521 1390 litteris
562 1353 849 1400 mandabantur,

157 1414 259 1452 haud
277 1415 564 1454 mirandumest
583 1417 848 1466 grammaticos

160 1478 433 1517 Alexandrinos
449 1484 530 1517 tam
545 1492 677 1529 pamm
694 1480 846 1518 luminis

159 1549 225 1581 aut
252 1544 391 1581 fructus
419 1556 438 1580 e
462 1543 537 1581 suis
555 1544 740 1583 codicibus
756 1545 852 1581 hau*-

164 1609 280 1655 sisse;
339 1621 426 1646 cum
461 1609 608 1656 scribae,
656 1610 718 1660 qui
752 1622 797 1647 ea
830 1622 850 1647 e

162 1673 432 1723 rhapsodorum
471 1673 744 1712 recitationibus
787 1686 853 1711 ex-

163 1744 347 1788 ceperant,
383 1739 434 1776 rei
470 1738 687 1789 antiquariae
717 1751 851 1788 pamm

163 1804 330 1850 studiosi,
362 1816 431 1842 sua
455 1803 606 1854 quisque
630 1803 757 1853 ipsius,
788 1809 854 1841 aut

163 1870 242 1920 ejus
260 1871 321 1919 qui
339 1868 532 1915 recitabat,
556 1869 679 1918 patria
695 1868 853 1907 dialecto

161 1933 220 1971 usi
236 1932 334 1978 sint;
371 1945 498 1983 quam,
525 1932 643 1983 gentis
662 1934 855 1983 cujuscun-

163 2009 234 2047 que
250 1995 392 2042 fuisset,
422 1995 608 2033 Pisistrati
624 1999 746 2043 aetate,
774 1996 855 2045 plu·

165 2059 305 2106 rimam
348 2058 397 2095 ab
441 2057 643 2095 Homerico
687 2070 855 2099 sermone

164 2123 408 2162 immutatam
424 2134 504 2160 esse
519 2127 687 2171 oportet;
724 2122 779 2160 ita
803 2128 855 2169 ut,

166 2179 219 2224 ne'
249 2184 504 2235 antiquissimo
537 2183 685 2233 quidem
720 2183 858 2224 Biblio-

166 2249 287 2287 thecae
303 2237 520 2297 eiemplari,
549 2247 786 2297 grammatici
801 2246 857 2285 illi

169 2313 363 2362 digamma
395 2310 577 2356 inventuri
605 2317 752 2357 essent;
795 2325 858 2349 ne-

172 2390 242 2429 que
269 2377 301 2414 si
329 2375 421 2422 forte
448 2374 488 2412 in
506 2375 650 2425 Argivo
676 2376 738 2414 vel
765 2376 857 2414 Cre-

170 2443 266 2482 tensi
291 2440 522 2485 occurrisset,
550 2452 616 2488 pro
643 2440 717 2478 alio
743 2453 856 2492 quam

172 2506 320 2552 dialecti
349 2503 611 2543 semibarbarae
626 2504 744 2555 ,signo
771 2517 860 2550 exo-

171 2571 269 2618 leto,
290 2583 315 2608 a
330 2574 452 2619 poetae
468 2567 674 2611 cultissimo
690 2576 859 2612 sermone

175 2645 324 2684 prorsus
337 2631 531 2682 abigendo,
549 2629 709 2668 habituri
725 2638 858 2670 essent.

177 2695 212 2733 E
229 2695 399 2733 brevibus
429 2693 561 2741 titulis,
590 2693 630 2730 in
657 2693 805 2734 laminis
822 2700 860 2734 et

176 2757 357 2808 lapidibus
371 2756 577 2809 insculptiS,
599 2757 734 2810 linguae
759 2764 860 2813 γεω·

890 326 941 364 ris
959 325 1120 377 reliquiae
1136 324 1303 363 eruendae
1316 328 1422 362 erant
1431 338 1443 370 ;
1471 328 1581 374 atque

890 403 938 427 ex
955 390 1000 428 iis
1023 403 1157 428 norma
1173 390 1299 441 aliqua
1314 388 1582 434 constituenda,

892 467 977 505 qua,
1011 454 1284 508 exemplaribus
1312 454 1408 492 inter
1436 466 1477 491 se
1506 451 1586 490 col-

892 522 992 568 latis,
1022 527 1059 559 et
1075 520 1184 559 metri
1207 519 1458 570 analogiaeque
1478 518 1585 568 justa

893 587 1034 624 ratione
1076 586 1220 632 habita,
1251 605 1254 606 ⁷
1281 597 1302 622 e
1353 584 1584 621 diversorum

894 650 1163 700 discrepamus,
1221 661 1337 686 unum
1381 657 1587 697 congruens

895 721 931 754 et
959 716 1157 761 sincerum,
1199 715 1247 753 ab
1275 713 1447 752 omnibns
1473 712 1589 760 rhap-

896 780 1071 818 sodorum
1134 778 1300 816 sordibus
1371 782 1588 826 purgatum,

897 842 1028 880 confici
1042 841 1251 890 potuisset.”
1279 839 1427 890 Km'glzt
1442 837 1589 887 Proleg.

898 905 1087 944 Praeclara
1119 904 1279 954 oppido:
1341 904 1404 942 sed
1439 913 1589 952 sparsas

896 969 1063 1008 veritatis
1079 969 1295 1019 particulas,
1317 967 1592 1017 velufdisjecta

898 1035 1071 1086 quaedam
1101 1034 1254 1072 lacerati
1284 1033 1442 1084 Absyrti
1473 1044 1593 1070 mem-

898 1101 979 1148 bro,
1021 1100 1264 1151 recolligendo
1297 1098 1480 1144 dubitans,
1518 1097 1594 1134 cir·

901 1167 1163 1213 cumspectans,
1218 1162 1402 1209 haesitans,
1463 1159 1594 1198 Multa

901 1230 1060 1268 advorsa
1084 1242 1267 1276 reverens,
1301 1235 1474 1280 tanquam
1495 1226 1595 1265 ratis

901 1296 940 1332 in
957 1295 1125 1334 immenso
1140 1295 1249 1342 mari,
1274 1294 1422 1332 Nostra
1448 1292 1595 1331 vehitur

901 1362 1012 1400 ratio.
1079 1361 1315 1411 Quapropter
1348 1358 1497 1410 singula
1531 1370 1596 1407 pe-

903 1427 1081 1465 detentim
1094 1426 1304 1475 explorans,
1319 1430 1356 1462 et
1371 1437 1390 1462 e
1404 1423 1594 1461 ruderibus

902 1491 1006 1528 haud
1032 1490 1212 1528 incuriose
1238 1489 1383 1528 rimatis
1410 1487 1516 1538 quasi
1542 1487 1596 1537 iga

896 1554 1045 1593 -niculos
1074 1555 1220 1593 eliciens
1254 1554 1427 1605 quaedam
1462 1552 1598 1602 proba-

904 1619 1026 1657 biliter
1061 1619 1188 1657 saltim
1223 1620 1429 1657 instaurare
1464 1627 1598 1667 aggre-

904 1682 1063 1730 diamur,
1099 1683 1130 1721 si
1164 1687 1286 1721 totum
1323 1680 1522 1718 aedificium
1557 1680 1598 1717 in

905 1748 1102 1798 pristinum
1145 1747 1257 1784 decus
1308 1746 1496 1785 restituere
1548 1745 1599 1783 sit

905 1813 1022 1851 nefas.
1087 1812 1172 1850 Hoc
1201 1812 1285 1849 loco
1312 1811 1506 1861 digamma
1537 1822 1599 1847 so·-

906 1875 986 1913 lum
1011 1880 1097 1925 post
1120 1874 1170 1911 R.
1185 1873 1232 1911 B.
1260 1885 1434 1911 revocare
1460 1871 1599 1921 satagit

908 1937 1114 1984 Dawesiua
1133 1949 1243 1988 quem
1261 1948 1281 1973 e
1295 1935 1494 1986 longinquo
1511 1947 1600 1984 pas·

908 2003 1008 2042 sibus
1042 2002 1143 2041 haud
1174 2001 1289 2052 aequis
1320 2000 1422 2051 sequi
1457 1999 1599 2038 studeo.

909 2067 972 2104 Ne
1006 2067 1054 2104 ab
1090 2078 1128 2103 re
1162 2063 1334 2102 omissior
1369 2061 1480 2112 paulo
1514 2062 1599 2108 sim,

908 2129 1093 2168 vocabula
1114 2128 1288 2179 quaedam
1314 2140 1338 2164 a
1362 2126 1412 2164 R.
1427 2125 1482 2164 D.
1507 2138 1602 2175 prae-

908 2192 1029 2239 terita,
1059 2190 1156 2229 infra
1183 2190 1306 2229 addidi
1318 2204 1329 2235 ;
1376 2189 1425 2227 ad
1455 2189 1600 2227 calcem

911 2257 981 2294 τοῦ
1011 2254 1139 2307 Pelva}
1167 2253 1276 2303 plura
1299 2253 1522 2304 interposui3
1564 2257 1602 2291 et

911 2319 967 2371 τῷ
985 2318 1103 2360 Ρέπος
1127 2317 1238 2368 hujus
1262 2316 1404 2367 generis
1428 2317 1601 2370 reliquias

911 2384 1061 2434 subjeci.

1041 2490 1472 2530 ADDITAMENTA.
1519 2538 1522 2539 ⁷

917 2566 1191 2614 Vocabulorum,
1220 2565 1259 2603 in
1276 2564 1403 2616 quibus
1421 2562 1603 2614 digamma

912 2630 1120 2668 enunciasse
1172 2628 1342 2667 videntur
1399 2626 1600 2671 Homerus.

912 2694 1112 2741 Hesiodus,
1140 2698 1177 2732 et
1193 2692 1389 2738 Pindarus,
1413 2689 1452 2728 ἐν
1470 2691 1600 2735 Alont-

913 2758 1019 2805 δερ-σι
1037 2757 1193 2814 χορδαῖς
1211 2755 1354 2804 nobilis,
1370 2752 1545 2795 recensio.

1228 2830 1244 2857 ι
1266 2830 1283 2857 1
