1864 3132
892 200 929 251 3

191 307 412 359 Eandem
437 307 582 356 etiam
604 321 708 355 rem
731 304 952 370 pluribus
975 303 1210 370 exemplis
1231 303 1452 362 illustrat,
1477 318 1526 367 p.
1544 314 1617 353 44.

191 383 269 434 Ex
312 386 489 450 quibus
543 383 739 433 abunde
795 389 986 431 constat
1040 382 1388 432 emendationis
1444 388 1624 430 nostrae

190 462 382 510 veritas.
455 463 699 511 Caeterum
745 460 874 509 hanc
917 458 1207 508 Terentiani
1251 459 1486 525 regulam,
1545 459 1626 507 cui

191 539 337 587 etiam
360 539 566 588 succinit
590 537 884 595 VictorinuS,
906 536 957 584 in
982 536 1328 585 celebrioribus
1351 536 1624 600 quibusque

186 619 460 678 temporum
485 615 810 663 recentiorum
833 613 1070 677 poematis
1107 609 1419 679 [poematiis]
1454 611 1626 662 solem·

191 689 319 738 niter
352 691 628 757 neglectam
661 691 826 740 videre
861 696 950 749 est,
985 690 1057 737 uti
1089 690 1141 737 in
1176 690 1307 740 istis:

255 786 432 838 ³Laeta
454 805 588 838 nunc
609 805 830 854 magnas
851 788 1079 838 habitare
1101 788 1289 838 stellas:

257 866 279 891 ⁴
291 862 594 913 Dissimulat
613 864 878 929 variasque
901 880 1094 912 scenam
1115 882 1127 914 :

255 939 411 989 ‘'Cata
433 942 612 1006 spissos
635 957 784 1005 super
805 940 986 990 imbres
1009 940 1229 1007 equitare
1250 957 1268 988 .·

255 1017 277 1045 ⁶
287 1017 560 1082 Regasque'
582 1025 777 1082 sceptro
798 1017 1148 1081 sempiternum
1155 1017 1328 1085 ferreo
1347 1033 1366 1065 :

254 1093 426 1143 ⁷Alter
432 1093 681 1161 frugibus
701 1095 879 1143 horrea
900 1094 1061 1158 stipat.

187 1197 334 1260 Quod
377 1215 442 1249 ne
485 1199 664 1251 malum
707 1199 851 1248 latius
890 1207 1070 1265 serpat,
1115 1199 1339 1249 ludorum
1384 1200 1629 1267 magistris

184 1291 426 1326 canonem
444 1278 588 1326 modo
600 1278 828 1326 traditum
845 1278 1091 1342 discipulis
1107 1278 1448 1327 inculcandum
1461 1278 1629 1328 sedulo

188 1357 488 1405 commendo.
559 1355 654 1404 Vix
687 1357 819 1405 enim
855 1357 1111 1421 quisquam
1135 1372 1268 1405 nunc
1287 1367 1308 1389 ⁴
1327 1358 1515 1406 dierum
1538 1363 1627 1416 est,

192 1431 312 1495 quin
335 1433 462 1481 istud
484 1433 617 1496 quod
637 1449 752 1498 pag.
776 1445 849 1482 44.
882 1435 1080 1481 damnat
1100 1433 1449 1492 Terentianus,

325 1541 454 1591 Ante
476 1541 738 1605 supinatas
759 1541 993 1607 Aquiloni
1013 1542 1269 1590 ostendere
1291 1548 1496 1608 strageS,

188 1668 385 1702 versum
441 1652 597 1717 probe
651 1651 901 1699 heroicum
959 1650 1212 1699 existimet.
1303 1651 1436 1700 Hinc
1485 1652 1633 1701 etiam

193 1727 422 1776 monendi
465 1727 670 1775 veniunt
707 1724 859 1774 futuri
905 1725 1167 1774 Poetarum
1207 1725 1494 1776 Latinorum
1532 1728 1635 1776 edi-

190 1812 337 1864 tores,
386 1810 443 1853 ut
481 1804 621 1868 siqua
658 1803 785 1851 forte
823 1802 1052 1850 adversus
1098 1802 1225 1850 hanc
1269 1810 1489 1852 veterum
1534 1819 1635 1852 ma·

190 1882 452 1948 gistrorum
476 1880 695 1947 regulam
718 1879 975 1944 peccantia
1008 1880 1433 1944 deprehenderint,
1469 1895 1636 1928 emen-

193 1960 356 2007 danda
394 1975 486 2023 pro
519 1957 713 2006 modulo
748 1963 882 2005 certe
906 1972 993 2004 suo
1017 1962 1203 2004 curent.
1274 1955 1425 2004 Verbi
1457 1956 1633 2021 gratia,

190 2037 279 2101 >qui
333 2042 525 2083 veteres
581 2034 836 2100 magistros
900 2033 1015 2081 satis
1077 2033 1242 2080 audiet
1296 2033 1415 2081 illud
1470 2032 1635 2082 Ovidii

192 2112 397 2163 Metam.
423 2127 457 2160 1.
490 2122 559 2160 38.
596 2111 666 2159 sic
687 2111 918 2174 deinceps
941 2108 1281 2176 retingendum
1303 2116 1483 2158 statuet
1503 2129 1514 2160 ε

259 2229 465 2279 Addidit
486 2230 729 2298 etsonteS,
751 2230 987 2278 immensa
1009 2234 1060 2276 et
1081 2233 1271 2294 stagna,
1294 2227 1564 2290 lacusque.⁸

187 2347 297 2401 'Ubi
330 2349 480 2415 vulgo
513 2365 774 2414 perperam
810 2348 1020 2397 habetur
1056 2347 1390 2413 immensaque
1428 2354 1629 2412 stagna.

196 2425 317 2476 Noli
356 2431 520 2478 tamen
564 2426 692 2474 hanc
735 2425 963 2490 ακριβειαν
1005 2424 1057 2472 in
1101 2423 1411 2472 Comicorum
1455 2423 1631 2472 fabulis

250 2596 291 2632 3.
320 2590 498 2632 Casimir.
513 2589 646 2628 Carm.
661 2600 693 2629 1.
710 2590 816 2638 xviii,
830 2588 869 2631 6.
993 2591 1034 2634 7.
1061 2588 1160 2627 Ibid.
1187 2589 1241 2636 iv,
1269 2592 1335 2626 30.
1347 2587 1519 2638 -stipet
1537 2586 1619 2625 edd.

252 2661 291 2694 4.
320 2655 418 2695 Ibid.
448 2666 501 2693 11.
519 2653 599 2702 xvi,
626 2656 694 2698 72.
996 2658 1033 2694 8.
1063 2656 1143 2692 Aut
1155 2653 1282 2700 etiam,
1299 2652 1467 2691 immensa
1484 2656 1631 2702 stagna,

254 2724 292 2758 5.
327 2719 426 2758 Ibid.
452 2718 587 2765 xxviii,
616 2721 655 2756 5.
1063 2717 1114 2757 R.
1126 2716 1183 2758 D.
1208 2716 1316 2757 Cura:
1333 2727 1410 2756 sec.

253 2781 294 2820 6.
322 2782 540 2829 Ruebanani
558 2782 623 2821 Ps.
639 2780 679 2829 ii,
710 2785 772 2820 18.

1263 2855 1286 2882 c
