1864 3132
936 225 1040 274 316

413 340 551 394 Μητε
572 357 839 401 τριηκοντων
859 357 995 384 ere-mv
1014 342 1137 392 μαλα
1157 342 1283 383 πολλ
1305 340 1574 383 amum-mv.

277 446 377 497 Ubi
422 447 529 495 haec
578 439 727 496 habet
771 447 845 495 Cl.
872 446 1107 496 Graevius.
1202 452 1234 472 “
1257 447 1315 494 In
1358 446 1468 495 MS.
1511 463 1566 495 11.
1626 463 1714 512 pro

278 531 310 550 “
332 525 466 574 varia
509 525 719 575 lectione
764 532 984 575 notatum
1029 532 1160 575 erat:
1230 526 1543 591 τριηκοντα,“3
1569 543 1714 591 quam

278 603 591 652 “lectionem
647 603 863 652 Tzetzes
913 602 1088 668 probat
1139 603 1299 651 invitis
1349 603 1556 653 Musis.''
1650 606 1717 654 At

278 681 454 740 Musis,
497 682 696 746 inquam
732 700 841 749 ego,
885 681 1169 745 neutiquam
1203 682 1366 730 invitis
1401 684 1599 747 probari
1631 699 1717 747 po-

276 764 372 806 test
391 778 404 816 ;
455 775 732 825 quanquam
769 760 925 808 nullus
962 767 1125 808 tamen
1163 759 1379 807 dubitem
1411 760 1530 823 quin
1564 756 1720 808 Tzet-

278 852 372 884 zen
441 836 669 885 fefellerit
737 854 850 886 vera
919 836 1168 901 sequentis
1241 859 1418 884 ννετεων
1488 843 1718 901 potestas.

150 920 243 972 179
279 915 308 944 *
332 913 529 978 Nempe
569 915 738 963 ultima
777 915 905 964 vocis
952 937 1190 981 τριηκοντα
1235 931 1327 978 ope
1367 906 1573 983 subjecti
1614 914 1722 962 Vau

278 1010 379 1041 non
415 999 554 1042 secus
587 996 871 1059 producitur
904 1003 1052 1061 atque
1087 1011 1231 1059 supra
1273 996 1344 1059 [p.
1368 994 1497 1059 398]
1538 993 1721 1041 factum

277 1070 483 1118 vidimus
523 1072 572 1118 in
615 1077 660 1120 H
702 1071 726 1120 δ
764 1071 884 1139 ανδρῖ
924 1081 1101 1130 ννικελη.
1172 1072 1325 1138 Cujus
1367 1072 1511 1120 etiam
1552 1070 1725 1119 similia

279 1154 449 1196 extant
479 1151 703 1214 exempla
733 1149 992 1217 Σμερδαλεᾶ
1022 1155 1542 1217 ψινναχων-θυγατερᾶ
1569 1171 1725 1206 wnv—

280 1224 378 1275 ουδὲ
412 1248 521 1279 ννους
561 1229 640 1291 [E,
667 1241 766 1278 302.
807 1237 862 1288 Θ,
889 1241 986 1278 321.
1026 1236 1078 1288 E,
1103 1241 1203 1282 371.
1236 1236 1285 1288 Z,
1315 1240 1410 1282 192.
1447 1233 1507 1286 N,
1532 1234 1630 1280 376.
1666 1233 1723 1285 Λ,

281 1311 381 1354 226.
421 1312 474 1364 B,
500 1307 646 1370 83⁶2.],
682 1314 831 1372 atque
869 1308 964 1355 alia
998 1309 1129 1356 haud
1152 1323 1327 1372 pauca.
1391 1300 1725 1353 Contra'vero

278 1403 551 1446 τριηκοντων
582 1382 740 1430 Musis
763 1383 923 1431 invitis
952 1384 1003 1431 in
1028 1385 1164 1432 codd.
1199 1382 1348 1431 MSS.
1386 1382 1623 1446 editisque
1652 1395 1728 1427 re*

280 1460 567 1523 praesentari
606 1461 895 1509 confirmare
930 1462 1100 1509 ausim.
1181 1461 1366 1524 Neque
1403 1457 1728 1508 enim’⁴Musis

282 1540 470 1588 Graecis
507 1540 662 1606 magis
697 1541 917 1588 adridere
959 1540 1242 1588 crediderim
1280 1533 1549 1605 rpamcovr‘wv
1583 1552 1728 1601 quam

281 1619 607 1684 trigintorum
653 1619 854 1668 Latinis.
917 1619 1131 1667 Proinde
1171 1619 1210 1666 si
1236 1623 1465 1684 *pergant
1514 1616 1725 1664 editores

279 1720 551 1763 τριηκοντων
584 1721 719 1746 ετεων
754 1699 1020 1755 exhibere;
1074 1704 1126 1746 at
1159 1696 1407 1762 refingant
1429 1702 1562 1744 certe
1584 1693 1729 1742 velim

281 1773 755 1839 interpretationem,
809 1783 864 1823 ut
922 1775 1153 1839 deinceps
1204 1775 1444 1822 habeatur
1495 1770 1732 1836 ‘triginti-3
1794 1774 1799 1780 ’

281 1851 468 1900 annis:
528 1859 581 1900 ut
621 1859 719 1900 non
761 1852 870 1901 dico
910 1853 1099 1901 Graecis
1141 1851 1334 1910 Latina,
1382 1852 1467 1899 sed
1510 1848 1729 1899 barbaris

279 1929 492 1979 barbara
524 1931 870 1995 respondeant.

350 2044 419 2086 1λ.
445 2044 494 2086 Γ.
523 2050 622 2092 389.
660 2044 732 2106 Τῃ
753 2062 826 2094 μιν
849 2060 1078 2095 εεισαμενη
1102 2044 1388 2103 προσεφωνεε
1410 2035 1447 2085 δι
1471 2034 1730 2104 Αφροδιτη]

210 2140 221 2148 ·
283 2115 473 2163 Bellum
509 2116 638 2163 istud
671 2116 871 2163 verbum
909 2137 1138 2172 εεισαμενη
1162 2115 1303 2162 metri
1329 2114 1562 2162 fulciendi
1584 2129 1731 2162 causa

268 2324 270 2326 .
337 2295 464 2330 113.“
475 2290 770 2345 τριήκονταεᾱά.
784 2303 840 2341 pr.
856 2291 986 2330 Junt.”
1040 2290 1168 2342 Gai‘ff·
1205 2291 1252 2329 ad
1279 2291 1305 2329 l.
1343 2295 1371 2314 “
1390 2290 1612 2329 Antimachi
1642 2290 1734 2330 illud

280 2362 318 2395 et
366 2356 418 2394 H.
458 2357 513 2396 St.
558 2358 596 2395 in
634 2370 754 2408 marg.
802 2357 982 2406 probante
1036 2358 1135 2407 apud
1158 2357 1238 2395 Cic.
1262 2358 1301 2396 in
1319 2357 1424 2395 Brut.
1445 2367 1482 2394 c.
1499 2357 1538 2395 li.
1555 2357 1669 2408 vulgo
1686 2356 1738 2394 le-

282 2421 431 2460 Guieto.
459 2421 690 2474 τριηκόντων
721 2422 813 2460 citat
842 2421 982 2473 Taylo-
1035 2423 1134 2474 gitur
1151 2428 1161 2445 ‘
1178 2422 1292 2461 Plato
1318 2422 1410 2460 enim
1430 2421 1518 2458 mihi
1541 2422 1661 2458 instar
1679 2425 1736 2458 est

280 2500 356 2534 rus,
388 2487 436 2524 ad
466 2488 636 2525 AEschin.
676 2489 713 2526 in
747 2489 980 2539 Ctesiphont.
1035 2489 1203 2527 omnium
1218 2487 1380 2526 millium
1392 2489 1414 2534 ;’
1434 2485 1640 2536 Lennepius
1653 2497 1737 2523 cor-

281 2565 318 2602 p.
338 2550 446 2598 630„
466 2551 498 2588 si
514 2551 588 2603 sas
606 2553 654 2589 sit
674 2553 738 2591 hos
757 2565 881 2592 versus
901 2554 981 2591 He·
1036 2554 1134 2605 tigit,
1189 2554 1386 2592 hominum
1432 2551 1608 2597 millium,
1660 2550 1731 2599 vel,

280 2617 384 2654 siodo
422 2618 649 2667 adjudicare.
700 2624 723 2642 “
751 2620 981 2674 τριηκόντων
1035 2618 1134 2670 quod
1148 2617 1291 2665 maluit,
1319 2615 1515 2655 hominum
1533 2615 1730 2663 mille,''—-

282 2688 339 2721 est
368 2683 406 2721 in
444 2683 598 2722 Callim.
633 2684 679 2722 fr.
719 2697 866 2724 vau.
919 2687 980 2724 Ex
1035 2684 1084 2722 ad
1122 2684 1275 2722 Phalar.
1308 2695 1386 2722 cn.
1413 2695 1449 2731 p.
1470 2685 1582 2727 292.;
1611 2681 1662 2719 R.
1675 2680 1730 2719 D.

284 2746 451 2786 Hesiodo
470 2747 587 2786 citant
606 2748 798 2787 Plutarch.
820 2762 870 2788 11.
889 2753 983 2794 753.
1037 2762 1149 2798 supra
1181 2762 1217 2799 p.
1250 2752 1336 2786 100.
1381 2751 1405 2770 “
1436 2751 1733 2798 argumentorum

284 2814 335 2852 A.
369 2813 545 2853 Eustath.
576 2813 624 2855 11.
655 2814 707 2862 A,
728 2818 901 2862 97:73,
923 2813 985 2854 6.”
1037 2812 1212 2851 millium''
1237 2813 1277 2852 in
1298 2810 1522 2871 corrigendis
1541 2808 1703 2851 sustulit.
