<?xml version="1.0" encoding="UTF-8"?>
<!DOCTYPE html PUBLIC "-//W3C//DTD XHTML 1.0 Transitional//EN"
    "http://www.w3.org/TR/xhtml1/DTD/xhtml1-transitional.dtd">
<html xmlns="http://www.w3.org/1999/xhtml" xml:lang="en" lang="en">
 <head>
  <title>
</title>
<meta http-equiv="Content-Type" content="text/html;charset=utf-8" />
  <meta name='ocr-system' content='tesseract 3.04.00' />
  <meta name='ocr-capabilities' content='ocr_page ocr_carea ocr_par ocr_line ocrx_word'/>
</head>
<body>
  <div class='ocr_page' id='page_1' title='image "./miscellaneacriti00daweuoft_0637.png"; bbox 0 0 1864 3132; ppageno 0'>
   <div class='ocr_carea' id='block_1_1' title="bbox 839 227 939 275">
    <p class='ocr_par' dir='ltr' id='par_1_1' title="bbox 839 227 939 275">
     <span class='ocr_line' id='line_1_1' title="bbox 839 227 939 275; baseline 0 0"><span class='ocrx_word' id='word_1_1' title='bbox 839 227 939 275; x_wconf 82' lang='lat'><strong>565</strong></span> 
     </span>
    </p>
   </div>
   <div class='ocr_carea' id='block_1_2' title="bbox 170 314 1603 400">
    <p class='ocr_par' dir='ltr' id='par_1_2' title="bbox 170 314 1603 400">
     <span class='ocr_line' id='line_1_2' title="bbox 170 314 1603 400; baseline 0.003 -22"><span class='ocrx_word' id='word_1_2' title='bbox 170 314 210 356; x_wconf 54' lang='lat'><strong>⁵“</strong></span> <span class='ocrx_word' id='word_1_3' title='bbox 233 332 271 379; x_wconf 91' lang='lat' dir='ltr'><strong>si</strong></span> <span class='ocrx_word' id='word_1_4' title='bbox 316 348 403 395; x_wconf 92' lang='lat' dir='ltr'><strong>pro</strong></span> <span class='ocrx_word' id='word_1_5' title='bbox 448 338 634 398; x_wconf 84' lang='grc' dir='ltr'>εφωρατ</span> <span class='ocrx_word' id='word_1_6' title='bbox 677 335 840 383; x_wconf 86' lang='lat' dir='ltr'><strong>addito</strong></span> <span class='ocrx_word' id='word_1_7' title='bbox 897 342 1163 400; x_wconf 84' lang='lat' dir='ltr'><strong>augmento</strong></span> <span class='ocrx_word' id='word_1_8' title='bbox 1206 335 1368 385; x_wconf 83' lang='lat' dir='ltr'><strong>A&#39;ttico</strong></span> <span class='ocrx_word' id='word_1_9' title='bbox 1423 337 1603 385; x_wconf 84' lang='lat' dir='ltr'>scribas</span> 
     </span>
    </p>
   </div>
   <div class='ocr_carea' id='block_1_3' title="bbox 177 409 1604 474">
    <p class='ocr_par' dir='ltr' id='par_1_3' title="bbox 177 409 1604 474">
     <span class='ocr_line' id='line_1_3' title="bbox 177 409 1604 474; baseline 0.005 -19"><span class='ocrx_word' id='word_1_10' title='bbox 177 415 209 433; x_wconf 89' lang='lat'><em>“</em></span> <span class='ocrx_word' id='word_1_11' title='bbox 231 414 487 474; x_wconf 78' lang='grc' dir='ltr'><strong>εφεωρατ.”</strong></span> <span class='ocrx_word' id='word_1_12' title='bbox 539 409 800 459; x_wconf 80' lang='lat' dir='ltr'><strong>Kusterus.</strong></span> <span class='ocrx_word' id='word_1_13' title='bbox 855 412 981 460; x_wconf 79' lang='lat' dir='ltr'><strong>Satis</strong></span> <span class='ocrx_word' id='word_1_14' title='bbox 1004 413 1261 461; x_wconf 84' lang='lat' dir='ltr'><strong>infeliciter</strong></span> <span class='ocrx_word' id='word_1_15' title='bbox 1279 415 1352 462; x_wconf 88' lang='lat' dir='ltr'><strong>vir</strong></span> <span class='ocrx_word' id='word_1_16' title='bbox 1371 414 1444 462; x_wconf 88' lang='lat' dir='ltr'><strong>Cl.</strong></span> <span class='ocrx_word' id='word_1_17' title='bbox 1470 414 1604 462; x_wconf 82' lang='lat' dir='ltr'><strong>Nam</strong></span> 
     </span>
    </p>
   </div>
   <div class='ocr_carea' id='block_1_4' title="bbox 176 485 1742 555">
    <p class='ocr_par' dir='ltr' id='par_1_4' title="bbox 176 485 1742 555">
     <span class='ocr_line' id='line_1_4' title="bbox 176 485 1742 555; baseline 0.004 -23"><span class='ocrx_word' id='word_1_18' title='bbox 176 485 369 551; x_wconf 82' lang='lat' dir='ltr'><strong>integer</strong></span> <span class='ocrx_word' id='word_1_19' title='bbox 392 503 533 550; x_wconf 90' lang='lat' dir='ltr'><strong>quem</strong></span> <span class='ocrx_word' id='word_1_20' title='bbox 556 494 697 535; x_wconf 85' lang='lat' dir='ltr'><strong>vocat</strong></span> <span class='ocrx_word' id='word_1_21' title='bbox 719 491 951 547; x_wconf 82' lang='lat' dir='ltr'><strong>senariuS,</strong></span> <span class='ocrx_word' id='word_1_22' title='bbox 977 497 1200 552; x_wconf 84' lang='lat' dir='ltr'><strong>quartum</strong></span> <span class='ocrx_word' id='word_1_23' title='bbox 1217 492 1389 555; x_wconf 92' lang='lat' dir='ltr'><strong>pedem</strong></span> <span class='ocrx_word' id='word_1_24' title='bbox 1425 492 1606 554; x_wconf 75' lang='lat' dir='ltr'><strong>*spon-</strong></span> <span class='ocrx_word' id='word_1_25' title='bbox 1641 489 1742 538; x_wconf 87' lang='lat'><strong>326</strong></span> 
     </span>
    </p>
   </div>
   <div class='ocr_carea' id='block_1_5' title="bbox 172 564 1618 1932">
    <p class='ocr_par' dir='ltr' id='par_1_5' title="bbox 172 564 1618 1932">
     <span class='ocr_line' id='line_1_5' title="bbox 177 564 1603 633; baseline 0.003 -23"><span class='ocrx_word' id='word_1_26' title='bbox 177 564 320 610; x_wconf 91' lang='lat' dir='ltr'><strong>deum</strong></span> <span class='ocrx_word' id='word_1_27' title='bbox 342 564 553 628; x_wconf 81' lang='lat' dir='ltr'><strong>praefert,</strong></span> <span class='ocrx_word' id='word_1_28' title='bbox 584 573 753 613; x_wconf 85' lang='lat' dir='ltr'><strong>contra</strong></span> <span class='ocrx_word' id='word_1_29' title='bbox 776 567 1069 614; x_wconf 79' lang='lat' dir='ltr'><strong>notissimam</strong></span> <span class='ocrx_word' id='word_1_30' title='bbox 1096 568 1240 633; x_wconf 87' lang='lat' dir='ltr'><strong>hujus</strong></span> <span class='ocrx_word' id='word_1_31' title='bbox 1264 568 1404 615; x_wconf 89' lang='lat' dir='ltr'><strong>metri</strong></span> <span class='ocrx_word' id='word_1_32' title='bbox 1428 567 1603 632; x_wconf 83' lang='lat' dir='ltr'><strong>legem.</strong></span> 
     </span>
     <span class='ocr_line' id='line_1_6' title="bbox 176 640 1608 704; baseline 0.003 -17"><span class='ocrx_word' id='word_1_33' title='bbox 176 640 311 688; x_wconf 89' lang='lat' dir='ltr'><strong>Idem</strong></span> <span class='ocrx_word' id='word_1_34' title='bbox 349 658 496 704; x_wconf 91' lang='lat' dir='ltr'><strong>porro</strong></span> <span class='ocrx_word' id='word_1_35' title='bbox 533 643 784 690; x_wconf 87' lang='lat' dir='ltr'><strong>sententiae</strong></span> <span class='ocrx_word' id='word_1_36' title='bbox 821 643 1020 691; x_wconf 92' lang='lat' dir='ltr'><strong>nimium</strong></span> <span class='ocrx_word' id='word_1_37' title='bbox 1056 659 1254 692; x_wconf 90' lang='lat' dir='ltr'><strong>securus</strong></span> <span class='ocrx_word' id='word_1_38' title='bbox 1286 644 1391 692; x_wconf 90' lang='lat' dir='ltr'><strong>fuit.</strong></span> <span class='ocrx_word' id='word_1_39' title='bbox 1464 644 1608 704; x_wconf 84' lang='lat' dir='ltr'><strong>Quod</strong></span> 
     </span>
     <span class='ocr_line' id='line_1_7' title="bbox 175 717 1618 786; baseline 0.003 -23"><span class='ocrx_word' id='word_1_40' title='bbox 175 717 304 763; x_wconf 92' lang='lat' dir='ltr'><strong>enim</strong></span> <span class='ocrx_word' id='word_1_41' title='bbox 329 718 476 765; x_wconf 86' lang='lat' dir='ltr'><strong>verba</strong></span> <span class='ocrx_word' id='word_1_42' title='bbox 499 718 674 766; x_wconf 82' lang='lat' dir='ltr'><strong>Graeca</strong></span> <span class='ocrx_word' id='word_1_43' title='bbox 695 720 857 767; x_wconf 85' lang='lat' dir='ltr'><strong>valere</strong></span> <span class='ocrx_word' id='word_1_44' title='bbox 880 719 1045 778; x_wconf 88' lang='lat' dir='ltr'><strong>voluit,</strong></span> <span class='ocrx_word' id='word_1_45' title='bbox 1071 719 1181 767; x_wconf 87' lang='lat' dir='ltr'><strong>Hoc</strong></span> <span class='ocrx_word' id='word_1_46' title='bbox 1204 736 1463 786; x_wconf 82' lang='lat' dir='ltr'><strong>nunquam</strong></span> <span class='ocrx_word' id='word_1_47' title='bbox 1482 720 1618 773; x_wconf 69' lang='lat' dir='ltr'><strong>vidit</strong></span> 
     </span>
     <span class='ocr_line' id='line_1_8' title="bbox 176 791 1607 865; baseline 0.006 -25"><span class='ocrx_word' id='word_1_48' title='bbox 176 791 459 856; x_wconf 79' lang='lat' dir='ltr'><strong>Euripides,</strong></span> <span class='ocrx_word' id='word_1_49' title='bbox 479 813 636 862; x_wconf 84' lang='lat' dir='ltr'><strong>neque</strong></span> <span class='ocrx_word' id='word_1_50' title='bbox 654 797 830 845; x_wconf 88' lang='lat' dir='ltr'><strong>coelum</strong></span> <span class='ocrx_word' id='word_1_51' title='bbox 851 814 942 845; x_wconf 89' lang='lat' dir='ltr'><strong>nec</strong></span> <span class='ocrx_word' id='word_1_52' title='bbox 958 804 1135 846; x_wconf 82' lang='lat' dir='ltr'><strong>terram</strong></span> <span class='ocrx_word' id='word_1_53' title='bbox 1153 806 1378 865; x_wconf 86' lang='lat' dir='ltr'><strong>tangunt.</strong></span> <span class='ocrx_word' id='word_1_54' title='bbox 1403 799 1607 864; x_wconf 80' lang='lat' dir='ltr'><strong>&#39;Nempe</strong></span> 
     </span>
     <span class='ocr_line' id='line_1_9' title="bbox 176 866 1607 944; baseline 0.006 -26"><span class='ocrx_word' id='word_1_55' title='bbox 176 870 510 920; x_wconf 87' lang='lat' dir='ltr'><strong>Mnesilochus</strong></span> <span class='ocrx_word' id='word_1_56' title='bbox 555 874 800 944; x_wconf 85' lang='lat' dir='ltr'><strong>Euripidae</strong></span> <span class='ocrx_word' id='word_1_57' title='bbox 846 875 926 922; x_wconf 89' lang='lat' dir='ltr'><strong>hic</strong></span> <span class='ocrx_word' id='word_1_58' title='bbox 980 866 1172 922; x_wconf 85' lang='lat' dir='ltr'><strong>causam</strong></span> <span class='ocrx_word' id='word_1_59' title='bbox 1228 893 1382 942; x_wconf 85' lang='lat' dir='ltr'><strong>agens</strong></span> <span class='ocrx_word' id='word_1_60' title='bbox 1437 886 1607 927; x_wconf 85' lang='lat' dir='ltr'><strong>contra</strong></span> 
     </span>
     <span class='ocr_line' id='line_1_10' title="bbox 177 947 1606 1018; baseline 0.007 -25"><span class='ocrx_word' id='word_1_61' title='bbox 177 947 416 1006; x_wconf 88' lang='lat' dir='ltr'><strong>mulieres,</strong></span> <span class='ocrx_word' id='word_1_62' title='bbox 464 966 573 1014; x_wconf 87' lang='lat' dir='ltr'><strong>quae</strong></span> <span class='ocrx_word' id='word_1_63' title='bbox 606 967 715 999; x_wconf 91' lang='lat' dir='ltr'><strong>eum</strong></span> <span class='ocrx_word' id='word_1_64' title='bbox 751 952 801 999; x_wconf 90' lang='lat' dir='ltr'><strong>in</strong></span> <span class='ocrx_word' id='word_1_65' title='bbox 839 952 925 1016; x_wconf 88' lang='lat' dir='ltr'><strong>jus</strong></span> <span class='ocrx_word' id='word_1_66' title='bbox 958 960 1262 1010; x_wconf 83' lang='lat' dir='ltr'><strong>vocaverant,</strong></span> <span class='ocrx_word' id='word_1_67' title='bbox 1305 955 1434 1017; x_wconf 91' lang='lat' dir='ltr'><strong>quod</strong></span> <span class='ocrx_word' id='word_1_68' title='bbox 1479 955 1606 1018; x_wconf 86' lang='lat' dir='ltr'><strong>ipsas</strong></span> 
     </span>
     <span class='ocr_line' id='line_1_11' title="bbox 174 1016 1607 1094; baseline 0.005 -23"><span class='ocrx_word' id='word_1_69' title='bbox 174 1024 388 1090; x_wconf 83' lang='lat' dir='ltr'><strong>indignis</strong></span> <span class='ocrx_word' id='word_1_70' title='bbox 444 1028 711 1090; x_wconf 87' lang='lat' dir='ltr'><strong>opprobriis</strong></span> <span class='ocrx_word' id='word_1_71' title='bbox 765 1016 1024 1075; x_wconf 55' lang='lat' dir='ltr'><strong>lecerasset</strong></span> <span class='ocrx_word' id='word_1_72' title='bbox 1049 1048 1062 1086; x_wconf 88' lang='lat'>;</span> <span class='ocrx_word' id='word_1_73' title='bbox 1133 1030 1355 1094; x_wconf 85' lang='lat' dir='ltr'><strong>agnoscit</strong></span> <span class='ocrx_word' id='word_1_74' title='bbox 1411 1030 1607 1094; x_wconf 90' lang='lat' dir='ltr'><strong>quidem</strong></span> 
     </span>
     <span class='ocr_line' id='line_1_12' title="bbox 175 1100 1607 1170; baseline 0.006 -23"><span class='ocrx_word' id='word_1_75' title='bbox 175 1100 444 1164; x_wconf 87' lang='lat' dir='ltr'><strong>Euripiden</strong></span> <span class='ocrx_word' id='word_1_76' title='bbox 463 1104 705 1152; x_wconf 90' lang='lat' dir='ltr'><strong>nonnullis</strong></span> <span class='ocrx_word' id='word_1_77' title='bbox 723 1105 1024 1153; x_wconf 90' lang='lat' dir='ltr'><strong>contumeliis</strong></span> <span class='ocrx_word' id='word_1_78' title='bbox 1043 1121 1123 1153; x_wconf 85' lang='lat' dir='ltr'><strong>eas</strong></span> <span class='ocrx_word' id='word_1_79' title='bbox 1142 1113 1452 1170; x_wconf 89' lang='lat' dir='ltr'><strong>prosecutum</strong></span> <span class='ocrx_word' id='word_1_80' title='bbox 1473 1123 1607 1165; x_wconf 83' lang='lat' dir='ltr'><strong>esse3</strong></span> 
     </span>
     <span class='ocr_line' id='line_1_13' title="bbox 175 1181 1610 1246; baseline 0.003 -20"><span class='ocrx_word' id='word_1_81' title='bbox 175 1185 294 1243; x_wconf 87' lang='lat' dir='ltr'><strong>quot</strong></span> <span class='ocrx_word' id='word_1_82' title='bbox 311 1195 425 1227; x_wconf 89' lang='lat' dir='ltr'><strong>vero</strong></span> <span class='ocrx_word' id='word_1_83' title='bbox 442 1181 682 1244; x_wconf 83' lang='lat' dir='ltr'><strong>graviora,</strong></span> <span class='ocrx_word' id='word_1_84' title='bbox 701 1198 808 1229; x_wconf 88' lang='lat' dir='ltr'><strong>cum</strong></span> <span class='ocrx_word' id='word_1_85' title='bbox 828 1182 919 1245; x_wconf 88' lang='lat' dir='ltr'><strong>ipsi</strong></span> <span class='ocrx_word' id='word_1_86' title='bbox 939 1182 986 1228; x_wconf 90' lang='lat' dir='ltr'><strong>in</strong></span> <span class='ocrx_word' id='word_1_87' title='bbox 1006 1190 1234 1246; x_wconf 91' lang='lat' dir='ltr'><strong>promptu</strong></span> <span class='ocrx_word' id='word_1_88' title='bbox 1254 1190 1430 1240; x_wconf 87' lang='lat' dir='ltr'><strong>essent,</strong></span> <span class='ocrx_word' id='word_1_89' title='bbox 1447 1184 1610 1232; x_wconf 87' lang='lat' dir='ltr'><strong>dicere</strong></span> 
     </span>
     <span class='ocr_line' id='line_1_14' title="bbox 173 1255 1608 1323; baseline 0.004 -22"><span class='ocrx_word' id='word_1_90' title='bbox 173 1255 510 1319; x_wconf 68' lang='lat' dir='ltr'><strong>supersederit,</strong></span> <span class='ocrx_word' id='word_1_91' title='bbox 535 1256 613 1303; x_wconf 85' lang='lat' dir='ltr'><strong>hic-</strong></span> <span class='ocrx_word' id='word_1_92' title='bbox 635 1263 870 1304; x_wconf 88' lang='lat' dir='ltr'><strong>recenset.</strong></span> <span class='ocrx_word' id='word_1_93' title='bbox 919 1258 984 1304; x_wconf 87' lang='lat' dir='ltr'><strong>At</strong></span> <span class='ocrx_word' id='word_1_94' title='bbox 998 1257 1227 1321; x_wconf 90' lang='lat' dir='ltr'><strong>lepidum,</strong></span> <span class='ocrx_word' id='word_1_95' title='bbox 1248 1259 1426 1317; x_wconf 89' lang='lat' dir='ltr'><strong>hercle,</strong></span> <span class='ocrx_word' id='word_1_96' title='bbox 1445 1266 1608 1323; x_wconf 80' lang='lat' dir='ltr'><strong>patro·</strong></span> 
     </span>
     <span class='ocr_line' id='line_1_15' title="bbox 174 1331 1610 1398; baseline 0.004 -21"><span class='ocrx_word' id='word_1_97' title='bbox 174 1347 291 1378; x_wconf 89' lang='lat' dir='ltr'><strong>num</strong></span> <span class='ocrx_word' id='word_1_98' title='bbox 314 1339 485 1379; x_wconf 85' lang='lat' dir='ltr'><strong>nactus</strong></span> <span class='ocrx_word' id='word_1_99' title='bbox 509 1331 678 1379; x_wconf 87' lang='lat' dir='ltr'><strong>fuisset</strong></span> <span class='ocrx_word' id='word_1_100' title='bbox 699 1334 856 1381; x_wconf 90' lang='lat' dir='ltr'><strong>bonus</strong></span> <span class='ocrx_word' id='word_1_101' title='bbox 881 1334 1156 1397; x_wconf 85' lang='lat' dir='ltr'><strong>Euripides,</strong></span> <span class='ocrx_word' id='word_1_102' title='bbox 1182 1335 1219 1382; x_wconf 91' lang='lat' dir='ltr'><strong>si</strong></span> <span class='ocrx_word' id='word_1_103' title='bbox 1244 1335 1402 1398; x_wconf 90' lang='lat' dir='ltr'><strong>ipsum</strong></span> <span class='ocrx_word' id='word_1_104' title='bbox 1423 1335 1610 1383; x_wconf 90' lang='lat' dir='ltr'><strong>Mnesi-</strong></span> 
     </span>
     <span class='ocr_line' id='line_1_16' title="bbox 172 1408 1609 1475; baseline 0.002 -20"><span class='ocrx_word' id='word_1_105' title='bbox 172 1408 342 1457; x_wconf 85' lang='lat' dir='ltr'><strong>lochus</strong></span> <span class='ocrx_word' id='word_1_106' title='bbox 386 1409 638 1456; x_wconf 85' lang='lat' dir='ltr'><strong>defensum</strong></span> <span class='ocrx_word' id='word_1_107' title='bbox 682 1411 776 1457; x_wconf 89' lang='lat' dir='ltr'><strong>iret</strong></span> <span class='ocrx_word' id='word_1_108' title='bbox 819 1411 1045 1475; x_wconf 82' lang='lat' dir='ltr'><strong>graviora</strong></span> <span class='ocrx_word' id='word_1_109' title='bbox 1083 1411 1336 1459; x_wconf 90' lang='lat' dir='ltr'><strong>mulierum</strong></span> <span class='ocrx_word' id='word_1_110' title='bbox 1376 1412 1609 1470; x_wconf 85' lang='lat' dir='ltr'><strong>facinora,</strong></span> 
     </span>
     <span class='ocr_line' id='line_1_17' title="bbox 177 1486 1610 1550; baseline 0.001 -18"><span class='ocrx_word' id='word_1_111' title='bbox 177 1501 287 1549; x_wconf 86' lang='lat' dir='ltr'><strong>quae</strong></span> <span class='ocrx_word' id='word_1_112' title='bbox 332 1486 437 1550; x_wconf 89' lang='lat' dir='ltr'><strong>ipse</strong></span> <span class='ocrx_word' id='word_1_113' title='bbox 477 1502 576 1533; x_wconf 89' lang='lat' dir='ltr'><strong>non</strong></span> <span class='ocrx_word' id='word_1_114' title='bbox 610 1486 714 1550; x_wconf 84' lang='lat' dir='ltr'><strong>jam</strong></span> <span class='ocrx_word' id='word_1_115' title='bbox 754 1502 852 1533; x_wconf 93' lang='lat' dir='ltr'><strong>non</strong></span> <span class='ocrx_word' id='word_1_116' title='bbox 888 1486 1099 1543; x_wconf 86' lang='lat' dir='ltr'><strong>dixisset,</strong></span> <span class='ocrx_word' id='word_1_117' title='bbox 1141 1487 1226 1533; x_wconf 87' lang='lat' dir='ltr'><strong>sed</strong></span> <span class='ocrx_word' id='word_1_118' title='bbox 1265 1503 1365 1533; x_wconf 91' lang='lat' dir='ltr'><strong>non</strong></span> <span class='ocrx_word' id='word_1_119' title='bbox 1400 1487 1610 1544; x_wconf 90' lang='lat' dir='ltr'><strong>vidisset,</strong></span> 
     </span>
     <span class='ocr_line' id='line_1_18' title="bbox 173 1550 1607 1627; baseline 0 -18"><span class='ocrx_word' id='word_1_120' title='bbox 173 1562 446 1610; x_wconf 86' lang='lat' dir='ltr'><strong>indicando.</strong></span> <span class='ocrx_word' id='word_1_121' title='bbox 490 1562 710 1627; x_wconf 83' lang='lat' dir='ltr'><strong>Scaliger</strong></span> <span class='ocrx_word' id='word_1_122' title='bbox 732 1561 883 1608; x_wconf 91' lang='lat' dir='ltr'><strong>nihilo</strong></span> <span class='ocrx_word' id='word_1_123' title='bbox 904 1550 1093 1608; x_wconf 61' lang='lat' dir='ltr'><strong>&#39;felicius</strong></span> <span class='ocrx_word' id='word_1_124' title='bbox 1118 1561 1326 1627; x_wconf 84' lang='lat' dir='ltr'><strong>conjecit</strong></span> <span class='ocrx_word' id='word_1_125' title='bbox 1346 1561 1607 1626; x_wconf 87' lang='lat' dir='ltr'><strong>legendum</strong></span> 
     </span>
     <span class='ocr_line' id='line_1_19' title="bbox 174 1637 1610 1703; baseline -0.002 -17"><span class='ocrx_word' id='word_1_126' title='bbox 174 1645 371 1703; x_wconf 81' lang='grc' dir='ltr'><strong>εφωρασ.</strong></span> <span class='ocrx_word' id='word_1_127' title='bbox 431 1638 541 1686; x_wconf 92' lang='lat' dir='ltr'><strong>Hoc</strong></span> <span class='ocrx_word' id='word_1_128' title='bbox 565 1640 732 1703; x_wconf 87' lang='lat' dir='ltr'><strong>utique</strong></span> <span class='ocrx_word' id='word_1_129' title='bbox 755 1644 915 1701; x_wconf 86' lang='lat' dir='ltr'><strong>pacto,</strong></span> <span class='ocrx_word' id='word_1_130' title='bbox 939 1638 1141 1700; x_wconf 88' lang='lat' dir='ltr'><strong>perinde</strong></span> <span class='ocrx_word' id='word_1_131' title='bbox 1164 1645 1311 1703; x_wconf 88' lang='lat' dir='ltr'><strong>atque</strong></span> <span class='ocrx_word' id='word_1_132' title='bbox 1334 1637 1386 1684; x_wconf 89' lang='lat' dir='ltr'><strong>in</strong></span> <span class='ocrx_word' id='word_1_133' title='bbox 1410 1637 1610 1702; x_wconf 81' lang='lat' dir='ltr'><strong>vulgata</strong></span> 
     </span>
     <span class='ocr_line' id='line_1_20' title="bbox 173 1714 1608 1780; baseline -0.001 -18"><span class='ocrx_word' id='word_1_134' title='bbox 173 1715 396 1774; x_wconf 87' lang='lat' dir='ltr'><strong>lectione,</strong></span> <span class='ocrx_word' id='word_1_135' title='bbox 432 1716 534 1764; x_wconf 91' lang='lat' dir='ltr'><strong>bini</strong></span> <span class='ocrx_word' id='word_1_136' title='bbox 569 1717 718 1780; x_wconf 89' lang='lat' dir='ltr'><strong>pedes</strong></span> <span class='ocrx_word' id='word_1_137' title='bbox 748 1716 999 1763; x_wconf 87' lang='lat' dir='ltr'><strong>laborant:</strong></span> <span class='ocrx_word' id='word_1_138' title='bbox 1038 1715 1281 1763; x_wconf 86' lang='lat' dir='ltr'><strong>sententia</strong></span> <span class='ocrx_word' id='word_1_139' title='bbox 1313 1714 1478 1763; x_wconf 88' lang='lat' dir='ltr'><strong>itidem</strong></span> <span class='ocrx_word' id='word_1_140' title='bbox 1509 1730 1608 1761; x_wconf 88' lang='lat' dir='ltr'><strong>non</strong></span> 
     </span>
     <span class='ocr_line' id='line_1_21' title="bbox 174 1790 1608 1857; baseline 0.001 -19"><span class='ocrx_word' id='word_1_141' title='bbox 174 1791 334 1839; x_wconf 88' lang='lat' dir='ltr'><strong>minus</strong></span> <span class='ocrx_word' id='word_1_142' title='bbox 356 1792 516 1840; x_wconf 83' lang='lat' dir='ltr'><strong>aliena</strong></span> <span class='ocrx_word' id='word_1_143' title='bbox 538 1794 758 1840; x_wconf 87' lang='lat' dir='ltr'><strong>habetur.</strong></span> <span class='ocrx_word' id='word_1_144' title='bbox 830 1792 982 1840; x_wconf 90' lang='lat' dir='ltr'><strong>Nunc</strong></span> <span class='ocrx_word' id='word_1_145' title='bbox 1017 1792 1140 1849; x_wconf 89' lang='lat' dir='ltr'><strong>vide,</strong></span> <span class='ocrx_word' id='word_1_146' title='bbox 1180 1792 1297 1857; x_wconf 91' lang='lat' dir='ltr'><strong>quid</strong></span> <span class='ocrx_word' id='word_1_147' title='bbox 1330 1808 1361 1839; x_wconf 81' lang='lat' dir='ltr'>a</span> <span class='ocrx_word' id='word_1_148' title='bbox 1384 1790 1608 1853; x_wconf 85' lang='lat' dir='ltr'><strong>dictantis</strong></span> 
     </span>
     <span class='ocr_line' id='line_1_22' title="bbox 173 1867 1229 1932; baseline 0.004 -18"><span class='ocrx_word' id='word_1_149' title='bbox 173 1867 358 1916; x_wconf 86' lang='lat' dir='ltr'><strong>librarii</strong></span> <span class='ocrx_word' id='word_1_150' title='bbox 382 1886 464 1916; x_wconf 90' lang='lat' dir='ltr'><strong>ore</strong></span> <span class='ocrx_word' id='word_1_151' title='bbox 488 1869 774 1932; x_wconf 90' lang='lat' dir='ltr'><strong>Comicique</strong></span> <span class='ocrx_word' id='word_1_152' title='bbox 797 1885 944 1916; x_wconf 87' lang='lat' dir='ltr'><strong>manu</strong></span> <span class='ocrx_word' id='word_1_153' title='bbox 967 1869 1199 1932; x_wconf 87' lang='lat' dir='ltr'><strong>prodierit</strong></span> <span class='ocrx_word' id='word_1_154' title='bbox 1219 1888 1229 1918; x_wconf 80' lang='lat' dir='ltr'>z</span> 
     </span>
    </p>
   </div>
   <div class='ocr_carea' id='block_1_6' title="bbox 175 1951 1608 2111">
    <p class='ocr_par' dir='ltr' id='par_1_6' title="bbox 175 1951 1608 2111">
     <span class='ocr_line' id='line_1_23' title="bbox 235 1951 1448 2028; baseline -0.001 -22"><span class='ocrx_word' id='word_1_155' title='bbox 235 2025 240 2028; x_wconf 17' lang='grc' dir='ltr'><strong>ᾖ</strong></span> <span class='ocrx_word' id='word_1_156' title='bbox 316 1963 441 2006; x_wconf 84' lang='grc' dir='ltr'>Ταυτ·</span> <span class='ocrx_word' id='word_1_157' title='bbox 470 1955 733 2006; x_wconf 73' lang='grc' dir='ltr'>ουδεπωποτ</span> <span class='ocrx_word' id='word_1_158' title='bbox 764 1951 871 2014; x_wconf 78' lang='grc' dir='ltr'>ΕΙΦ,</span> <span class='ocrx_word' id='word_1_159' title='bbox 909 1957 1163 2014; x_wconf 70' lang='grc' dir='ltr'><strong>ΟΡΑΙΣ,983</strong></span> <span class='ocrx_word' id='word_1_160' title='bbox 1202 1955 1448 2020; x_wconf 73' lang='grc' dir='ltr'>Ευριπιδης.</span> 
     </span>
     <span class='ocr_line' id='line_1_24' title="bbox 175 2040 1608 2111; baseline -0.003 -16"><span class='ocrx_word' id='word_1_161' title='bbox 175 2046 298 2095; x_wconf 82' lang='lat' dir='ltr'><strong>Haec</strong></span> <span class='ocrx_word' id='word_1_162' title='bbox 331 2062 587 2111; x_wconf 81' lang='lat' dir='ltr'><strong>nunquam</strong></span> <span class='ocrx_word' id='word_1_163' title='bbox 633 2044 773 2103; x_wconf 81' lang='lat' dir='ltr'><strong>dixit,</strong></span> <span class='ocrx_word' id='word_1_164' title='bbox 820 2043 897 2092; x_wconf 81' lang='lat' dir='ltr'><strong>uti</strong></span> <span class='ocrx_word' id='word_1_165' title='bbox 931 2043 1085 2101; x_wconf 80' lang='lat' dir='ltr'><strong>vides,</strong></span> <span class='ocrx_word' id='word_1_166' title='bbox 1126 2040 1411 2106; x_wconf 82' lang='lat' dir='ltr'><strong>Euripides.</strong></span> <span class='ocrx_word' id='word_1_167' title='bbox 1485 2043 1608 2091; x_wconf 84' lang='lat' dir='ltr'><strong>Mox</strong></span> 
     </span>
    </p>
   </div>
   <div class='ocr_carea' id='block_1_7' title="bbox 173 2170 866 2855">
    <p class='ocr_par' dir='ltr' id='par_1_7' title="bbox 173 2170 866 2855">
     <span class='ocr_line' id='line_1_25' title="bbox 227 2170 862 2220; baseline -0.008 -9"><span class='ocrx_word' id='word_1_168' title='bbox 227 2177 318 2211; x_wconf 78' lang='lat'><strong>283.</strong></span> <span class='ocrx_word' id='word_1_169' title='bbox 359 2177 383 2195; x_wconf 90' lang='lat'><strong>“</strong></span> <span class='ocrx_word' id='word_1_170' title='bbox 402 2173 580 2220; x_wconf 85' lang='lat' dir='ltr'><strong>probante</strong></span> <span class='ocrx_word' id='word_1_171' title='bbox 609 2171 786 2208; x_wconf 77' lang='lat' dir='ltr'><strong>Piersono</strong></span> <span class='ocrx_word' id='word_1_172' title='bbox 814 2170 862 2207; x_wconf 85' lang='lat' dir='ltr'><strong>ad</strong></span> 
     </span>
     <span class='ocr_line' id='line_1_26' title="bbox 175 2233 861 2284; baseline -0.006 -9"><span class='ocrx_word' id='word_1_173' title='bbox 175 2237 313 2275; x_wconf 87' lang='lat' dir='ltr'><strong>Moerin</strong></span> <span class='ocrx_word' id='word_1_174' title='bbox 332 2249 368 2284; x_wconf 87' lang='lat' dir='ltr'><strong>p.</strong></span> <span class='ocrx_word' id='word_1_175' title='bbox 383 2234 442 2273; x_wconf 86' lang='lat'><strong>6.”</strong></span> <span class='ocrx_word' id='word_1_176' title='bbox 461 2235 510 2271; x_wconf 91' lang='lat' dir='ltr'><strong>R.</strong></span> <span class='ocrx_word' id='word_1_177' title='bbox 522 2236 566 2272; x_wconf 89' lang='lat' dir='ltr'><strong>P.</strong></span> <span class='ocrx_word' id='word_1_178' title='bbox 586 2236 684 2283; x_wconf 86' lang='lat' dir='ltr'><strong>apud</strong></span> <span class='ocrx_word' id='word_1_179' title='bbox 696 2235 797 2272; x_wconf 89' lang='grc' dir='ltr'><strong>Ρ.Ρ.</strong></span> <span class='ocrx_word' id='word_1_180' title='bbox 807 2233 861 2271; x_wconf 90' lang='lat' dir='ltr'><strong>D.</strong></span> 
     </span>
     <span class='ocr_line' id='line_1_27' title="bbox 173 2294 859 2351; baseline -0.009 -11"><span class='ocrx_word' id='word_1_181' title='bbox 173 2309 197 2327; x_wconf 73' lang='lat'><strong>‘⁴</strong></span> <span class='ocrx_word' id='word_1_182' title='bbox 218 2303 289 2351; x_wconf 83' lang='lat' dir='ltr'><strong>leg.</strong></span> <span class='ocrx_word' id='word_1_183' title='bbox 317 2299 400 2351; x_wconf 78' lang='grc' dir='ltr'>εἶφ’,</span> <span class='ocrx_word' id='word_1_184' title='bbox 429 2299 552 2350; x_wconf 74' lang='grc' dir='ltr'><em>ὅρα-τ’,</em></span> <span class='ocrx_word' id='word_1_185' title='bbox 586 2298 679 2350; x_wconf 75' lang='grc' dir='ltr'><strong>εῧρ.”</strong></span> <span class='ocrx_word' id='word_1_186' title='bbox 720 2294 769 2335; x_wconf 85' lang='lat' dir='ltr'><strong>R.</strong></span> <span class='ocrx_word' id='word_1_187' title='bbox 788 2297 859 2342; x_wconf 89' lang='lat' dir='ltr'><strong>B.;</strong></span> 
     </span>
     <span class='ocr_line' id='line_1_28' title="bbox 173 2354 862 2406; baseline -0.009 0"><span class='ocrx_word' id='word_1_188' title='bbox 173 2369 226 2406; x_wconf 85' lang='lat' dir='ltr'><strong>sic</strong></span> <span class='ocrx_word' id='word_1_189' title='bbox 258 2354 392 2403; x_wconf 50' lang='lat' dir='ltr'><strong>codd(</strong></span> <span class='ocrx_word' id='word_1_190' title='bbox 410 2364 507 2400; x_wconf 83' lang='lat' dir='ltr'><strong>Rav.</strong></span> <span class='ocrx_word' id='word_1_191' title='bbox 535 2369 573 2400; x_wconf 87' lang='lat' dir='ltr'><strong>et</strong></span> <span class='ocrx_word' id='word_1_192' title='bbox 601 2376 694 2400; x_wconf 90' lang='lat' dir='ltr'><strong>unus</strong></span> <span class='ocrx_word' id='word_1_193' title='bbox 727 2362 795 2399; x_wconf 74' lang='grc' dir='ltr'><strong>ΒΓ.</strong></span> <span class='ocrx_word' id='word_1_194' title='bbox 826 2368 862 2401; x_wconf 89' lang='lat' dir='ltr'><strong>et</strong></span> 
     </span>
     <span class='ocr_line' id='line_1_29' title="bbox 175 2428 862 2482; baseline -0.009 -11"><span class='ocrx_word' id='word_1_195' title='bbox 175 2434 360 2482; x_wconf 67' lang='lat' dir='ltr'><strong>Rape-rus,</strong></span> <span class='ocrx_word' id='word_1_196' title='bbox 395 2429 456 2479; x_wconf 89' lang='lat' dir='ltr'><strong>qui</strong></span> <span class='ocrx_word' id='word_1_197' title='bbox 488 2428 583 2465; x_wconf 83' lang='lat' dir='ltr'><strong>infra</strong></span> <span class='ocrx_word' id='word_1_198' title='bbox 616 2431 706 2465; x_wconf 87' lang='grc'><strong>503.</strong></span> <span class='ocrx_word' id='word_1_199' title='bbox 751 2433 775 2450; x_wconf 87' lang='grc'><strong>“</strong></span> <span class='ocrx_word' id='word_1_200' title='bbox 796 2439 862 2476; x_wconf 90' lang='lat' dir='ltr'><strong>pro</strong></span> 
     </span>
     <span class='ocr_line' id='line_1_30' title="bbox 174 2490 862 2551; baseline -0.015 -15"><span class='ocrx_word' id='word_1_201' title='bbox 174 2498 265 2551; x_wconf 72' lang='grc' dir='ltr'><strong>ὁρᾷς</strong></span> <span class='ocrx_word' id='word_1_202' title='bbox 299 2495 391 2533; x_wconf 81' lang='lat' dir='ltr'><strong>forte</strong></span> <span class='ocrx_word' id='word_1_203' title='bbox 437 2492 670 2530; x_wconf 87' lang='lat' dir='ltr'><strong>scribendum</strong></span> <span class='ocrx_word' id='word_1_204' title='bbox 717 2490 862 2543; x_wconf 48' lang='lat' dir='ltr'><strong>o‘pc‘i‘v’l&#39;</strong></span> 
     </span>
     <span class='ocr_line' id='line_1_31' title="bbox 174 2554 862 2608; baseline -0.012 -10"><span class='ocrx_word' id='word_1_205' title='bbox 174 2567 198 2586; x_wconf 89' lang='lat'><strong>“</strong></span> <span class='ocrx_word' id='word_1_206' title='bbox 220 2559 321 2598; x_wconf 89' lang='lat' dir='ltr'><strong>Solet</strong></span> <span class='ocrx_word' id='word_1_207' title='bbox 336 2558 429 2596; x_wconf 88' lang='lat' dir='ltr'><strong>illud</strong></span> <span class='ocrx_word' id='word_1_208' title='bbox 450 2558 541 2608; x_wconf 72' lang='grc' dir='ltr'><strong>ὁρᾶς</strong></span> <span class='ocrx_word' id='word_1_209' title='bbox 569 2555 622 2592; x_wconf 90' lang='lat' dir='ltr'><strong>sic</strong></span> <span class='ocrx_word' id='word_1_210' title='bbox 647 2567 671 2592; x_wconf 85' lang='lat' dir='ltr'><strong>a</strong></span> <span class='ocrx_word' id='word_1_211' title='bbox 693 2554 862 2604; x_wconf 85' lang='lat' dir='ltr'><strong>Tragicis</strong></span> 
     </span>
     <span class='ocr_line' id='line_1_32' title="bbox 175 2617 863 2668; baseline -0.013 -5"><span class='ocrx_word' id='word_1_212' title='bbox 175 2631 212 2664; x_wconf 90' lang='lat' dir='ltr'><strong>et</strong></span> <span class='ocrx_word' id='word_1_213' title='bbox 247 2624 411 2662; x_wconf 83' lang='lat' dir='ltr'><strong>comicis</strong></span> <span class='ocrx_word' id='word_1_214' title='bbox 448 2620 624 2659; x_wconf 82' lang='lat' dir='ltr'><strong>adhiberi.</strong></span> <span class='ocrx_word' id='word_1_215' title='bbox 669 2618 780 2668; x_wconf 80' lang='lat' dir='ltr'><strong>Soph.</strong></span> <span class='ocrx_word' id='word_1_216' title='bbox 801 2617 863 2655; x_wconf 87' lang='lat' dir='ltr'><strong>El.</strong></span> 
     </span>
     <span class='ocr_line' id='line_1_33' title="bbox 176 2683 865 2738; baseline -0.015 -9"><span class='ocrx_word' id='word_1_217' title='bbox 176 2690 255 2730; x_wconf 88' lang='lat'><strong>630</strong></span> <span class='ocrx_word' id='word_1_218' title='bbox 272 2687 392 2738; x_wconf 79' lang='lat'><strong>(628).</strong></span> <span class='ocrx_word' id='word_1_219' title='bbox 422 2687 533 2738; x_wconf 73' lang='grc' dir='ltr'><strong>ὀρᾷς;</strong></span> <span class='ocrx_word' id='word_1_220' title='bbox 562 2685 655 2737; x_wconf 67' lang='grc' dir='ltr'><strong>πρός</strong></span> <span class='ocrx_word' id='word_1_221' title='bbox 675 2683 791 2736; x_wconf 68' lang='grc' dir='ltr'><em>ὀργήν</em></span> <span class='ocrx_word' id='word_1_222' title='bbox 807 2684 865 2721; x_wconf 86' lang='grc' dir='ltr'><strong>ἐκ·</strong></span> 
     </span>
     <span class='ocr_line' id='line_1_34' title="bbox 175 2747 866 2804; baseline -0.012 -14"><span class='ocrx_word' id='word_1_223' title='bbox 175 2751 289 2804; x_wconf 83' lang='grc' dir='ltr'>φέρει·</span> <span class='ocrx_word' id='word_1_224' title='bbox 327 2750 492 2799; x_wconf 83' lang='lat' dir='ltr'><strong>Euripid.</strong></span> <span class='ocrx_word' id='word_1_225' title='bbox 513 2748 697 2785; x_wconf 88' lang='lat' dir='ltr'><strong>Androm.</strong></span> <span class='ocrx_word' id='word_1_226' title='bbox 726 2760 762 2783; x_wconf 94' lang='lat' dir='ltr'><strong>v.</strong></span> <span class='ocrx_word' id='word_1_227' title='bbox 784 2747 866 2790; x_wconf 86' lang='lat'><strong>87.”</strong></span> 
     </span>
     <span class='ocr_line' id='line_1_35' title="bbox 182 2810 864 2855; baseline -0.012 -2"><span class='ocrx_word' id='word_1_228' title='bbox 182 2813 310 2853; x_wconf 82' lang='lat' dir='ltr'><strong>Valck.</strong></span> <span class='ocrx_word' id='word_1_229' title='bbox 343 2814 390 2852; x_wconf 84' lang='lat' dir='ltr'><strong>ad</strong></span> <span class='ocrx_word' id='word_1_230' title='bbox 426 2813 497 2851; x_wconf 92' lang='lat' dir='ltr'><strong>Ph.</strong></span> <span class='ocrx_word' id='word_1_231' title='bbox 532 2810 623 2855; x_wconf 85' lang='lat'><strong>726.</strong></span> <span class='ocrx_word' id='word_1_232' title='bbox 665 2811 755 2848; x_wconf 86' lang='lat' dir='ltr'><strong>Pac.</strong></span> <span class='ocrx_word' id='word_1_233' title='bbox 776 2814 864 2854; x_wconf 86' lang='lat'><strong>891.</strong></span> 
     </span>
    </p>
   </div>
   <div class='ocr_carea' id='block_1_8' title="bbox 916 2166 1610 2789">
    <p class='ocr_par' dir='ltr' id='par_1_8' title="bbox 916 2166 1610 2789">
     <span class='ocr_line' id='line_1_36' title="bbox 916 2166 1610 2220; baseline 0 -16"><span class='ocrx_word' id='word_1_234' title='bbox 916 2173 939 2192; x_wconf 87' lang='lat'><strong>“</strong></span> <span class='ocrx_word' id='word_1_235' title='bbox 959 2167 984 2204; x_wconf 93' lang='lat' dir='ltr'><strong>l.</strong></span> <span class='ocrx_word' id='word_1_236' title='bbox 1003 2167 1115 2220; x_wconf 76' lang='grc' dir='ltr'>ὁρᾶτ’</span> <span class='ocrx_word' id='word_1_237' title='bbox 1145 2169 1237 2204; x_wconf 81' lang='grc' dir='ltr'><strong>ὀπτ.</strong></span> <span class='ocrx_word' id='word_1_238' title='bbox 1264 2167 1325 2204; x_wconf 85' lang='lat' dir='ltr'><strong>vel</strong></span> <span class='ocrx_word' id='word_1_239' title='bbox 1348 2168 1468 2219; x_wconf 78' lang='grc' dir='ltr'>ὁρᾶτε</span> <span class='ocrx_word' id='word_1_240' title='bbox 1489 2166 1610 2204; x_wconf 60' lang='lat' dir='ltr'><strong>voti-n·-</strong></span> 
     </span>
     <span class='ocr_line' id='line_1_37' title="bbox 917 2231 1609 2272; baseline -0.004 -1"><span class='ocrx_word' id='word_1_241' title='bbox 917 2233 1065 2272; x_wconf 71' lang='grc' dir='ltr'><strong><em>τάνσιον</em></strong></span> <span class='ocrx_word' id='word_1_242' title='bbox 1083 2235 1128 2270; x_wconf 69' lang='lat' dir='ltr'><strong>ais·</strong></span> <span class='ocrx_word' id='word_1_243' title='bbox 1148 2231 1274 2269; x_wconf 83' lang='grc' dir='ltr'><strong>καλόν.</strong></span> <span class='ocrx_word' id='word_1_244' title='bbox 1311 2231 1383 2269; x_wconf 87' lang='lat' dir='ltr'><strong>Sed</strong></span> <span class='ocrx_word' id='word_1_245' title='bbox 1403 2232 1521 2269; x_wconf 83' lang='lat' dir='ltr'><strong>Attici</strong></span> <span class='ocrx_word' id='word_1_246' title='bbox 1540 2234 1609 2268; x_wconf 84' lang='grc' dir='ltr'><strong>ὀπ-</strong></span> 
     </span>
     <span class='ocr_line' id='line_1_38' title="bbox 918 2297 1609 2347; baseline -0.003 -11"><span class='ocrx_word' id='word_1_247' title='bbox 918 2298 1045 2335; x_wconf 77' lang='grc' dir='ltr'><em>τάνιον</em></span> <span class='ocrx_word' id='word_1_248' title='bbox 1061 2298 1246 2334; x_wconf 85' lang='lat' dir='ltr'><strong>dicebant.</strong></span> <span class='ocrx_word' id='word_1_249' title='bbox 1275 2297 1417 2347; x_wconf 86' lang='lat' dir='ltr'><strong>Phryn.</strong></span> <span class='ocrx_word' id='word_1_250' title='bbox 1435 2300 1487 2346; x_wconf 90' lang='lat' dir='ltr'><strong>(p.</strong></span> <span class='ocrx_word' id='word_1_251' title='bbox 1505 2301 1609 2345; x_wconf 88' lang='lat'><strong>120.)</strong></span> 
     </span>
     <span class='ocr_line' id='line_1_39' title="bbox 917 2359 1606 2412; baseline -0.003 -11"><span class='ocrx_word' id='word_1_252' title='bbox 917 2361 1087 2412; x_wconf 88' lang='lat' dir='ltr'><strong>Etymol.</strong></span> <span class='ocrx_word' id='word_1_253' title='bbox 1122 2364 1179 2410; x_wconf 91' lang='lat' dir='ltr'><strong>(p.</strong></span> <span class='ocrx_word' id='word_1_254' title='bbox 1204 2359 1297 2406; x_wconf 81' lang='lat'><strong>629.</strong></span> <span class='ocrx_word' id='word_1_255' title='bbox 1339 2361 1443 2410; x_wconf 83' lang='lat'><strong>12.)&#39;’</strong></span> <span class='ocrx_word' id='word_1_256' title='bbox 1489 2361 1539 2400; x_wconf 85' lang='lat' dir='ltr'><strong>R.</strong></span> <span class='ocrx_word' id='word_1_257' title='bbox 1560 2362 1606 2399; x_wconf 92' lang='lat' dir='ltr'><strong>B.</strong></span> 
     </span>
     <span class='ocr_line' id='line_1_40' title="bbox 918 2426 1608 2479; baseline 0 -16"><span class='ocrx_word' id='word_1_258' title='bbox 918 2431 942 2448; x_wconf 89' lang='lat'>“</span> <span class='ocrx_word' id='word_1_259' title='bbox 961 2427 1036 2463; x_wconf 89' lang='lat' dir='ltr'><strong>Pro</strong></span> <span class='ocrx_word' id='word_1_260' title='bbox 1055 2428 1221 2479; x_wconf 77' lang='grc' dir='ltr'>εφωρατ’</span> <span class='ocrx_word' id='word_1_261' title='bbox 1240 2426 1388 2476; x_wconf 79' lang='lat' dir='ltr'><strong>corrigit</strong></span> <span class='ocrx_word' id='word_1_262' title='bbox 1408 2426 1608 2476; x_wconf 81' lang='lat' dir='ltr'><strong>Berglerus</strong></span> 
     </span>
     <span class='ocr_line' id='line_1_41' title="bbox 917 2489 1607 2542; baseline -0.001 -15"><span class='ocrx_word' id='word_1_263' title='bbox 917 2489 1107 2542; x_wconf 81' lang='grc' dir='ltr'>πεφωρακ’</span> <span class='ocrx_word' id='word_1_264' title='bbox 1128 2489 1399 2538; x_wconf 49' lang='lat' dir='ltr'><strong>deprehendit?</strong></span> <span class='ocrx_word' id='word_1_265' title='bbox 1430 2489 1607 2538; x_wconf 74' lang='lat' dir='ltr'><strong>Burgess.</strong></span> 
     </span>
     <span class='ocr_line' id='line_1_42' title="bbox 918 2554 1606 2603; baseline -0.003 -12"><span class='ocrx_word' id='word_1_266' title='bbox 918 2555 1043 2592; x_wconf 90' lang='lat' dir='ltr'><strong>Multo</strong></span> <span class='ocrx_word' id='word_1_267' title='bbox 1061 2554 1285 2603; x_wconf 86' lang='lat' dir='ltr'><strong>probabilius</strong></span> <span class='ocrx_word' id='word_1_268' title='bbox 1305 2555 1352 2591; x_wconf 85' lang='lat' dir='ltr'><strong>ad</strong></span> <span class='ocrx_word' id='word_1_269' title='bbox 1365 2554 1504 2590; x_wconf 89' lang='lat' dir='ltr'><strong>Athen.</strong></span> <span class='ocrx_word' id='word_1_270' title='bbox 1522 2562 1606 2599; x_wconf 76' lang='lat' dir='ltr'><strong>vn,</strong></span> 
     </span>
     <span class='ocr_line' id='line_1_43' title="bbox 919 2615 1607 2671; baseline -0.004 -15"><span class='ocrx_word' id='word_1_271' title='bbox 919 2623 1009 2662; x_wconf 84' lang='lat'><strong>317.</strong></span> <span class='ocrx_word' id='word_1_272' title='bbox 1042 2618 1088 2656; x_wconf 86' lang='lat' dir='ltr'><strong>C.</strong></span> <span class='ocrx_word' id='word_1_273' title='bbox 1125 2618 1374 2671; x_wconf 78' lang='grc' dir='ltr'>ἐφωράθησαν</span> <span class='ocrx_word' id='word_1_274' title='bbox 1402 2629 1467 2665; x_wconf 80' lang='lat' dir='ltr'><strong>pro</strong></span> <span class='ocrx_word' id='word_1_275' title='bbox 1494 2615 1607 2668; x_wconf 80' lang='grc' dir='ltr'>ἑωρά-</span> 
     </span>
     <span class='ocr_line' id='line_1_44' title="bbox 919 2680 1606 2734; baseline -0.007 -13"><span class='ocrx_word' id='word_1_276' title='bbox 919 2685 1039 2728; x_wconf 83' lang='grc' dir='ltr'><em>θησαν</em></span> <span class='ocrx_word' id='word_1_277' title='bbox 1072 2684 1227 2734; x_wconf 87' lang='lat' dir='ltr'><strong>conjecit</strong></span> <span class='ocrx_word' id='word_1_278' title='bbox 1265 2682 1314 2718; x_wconf 89' lang='lat' dir='ltr'><strong>R.</strong></span> <span class='ocrx_word' id='word_1_279' title='bbox 1341 2681 1402 2727; x_wconf 91' lang='lat' dir='ltr'><strong>P.,</strong></span> <span class='ocrx_word' id='word_1_280' title='bbox 1443 2686 1483 2717; x_wconf 89' lang='lat' dir='ltr'><strong>ut</strong></span> <span class='ocrx_word' id='word_1_281' title='bbox 1509 2680 1606 2717; x_wconf 83' lang='lat' dir='ltr'><strong>infra</strong></span> 
     </span>
     <span class='ocr_line' id='line_1_45' title="bbox 919 2746 1113 2789; baseline 0 -5"><span class='ocrx_word' id='word_1_282' title='bbox 919 2747 1006 2785; x_wconf 87' lang='lat' dir='ltr'><strong>ibid.</strong></span> <span class='ocrx_word' id='word_1_283' title='bbox 1034 2746 1059 2784; x_wconf 91' lang='lat' dir='ltr'><strong>l.</strong></span> <span class='ocrx_word' id='word_1_284' title='bbox 1076 2752 1113 2789; x_wconf 85' lang='lat'><strong>7.</strong></span> 
     </span>
    </p>
   </div>
  </div>
 </body>
</html>
