1864 3132
120 408 211 449 211

915 209 1017 258 380

695 344 762 351 —
784 322 834 374 ην
867 339 928 375 μη
951 326 1230 378 ‚murnum
1266 317 1311 364 αἱ
1344 312 1467 364 Sam.
1513 340 1520 347 -

290 389 317 420 *
333 389 389 437 V.
416 400 514 437 884,
553 388 692 439 Ουδεν
713 415 916 457 προτιμω
939 408 1033 441 σου·
1071 398 1197 458 φορω
1220 414 1315 458 ’γαρ
1339 412 1580 457 πριαμενος
1627 430 1631 453 1

555 473 598 515 Γ
599 491 646 517 ον
668 466 901 519 δακτυλιον
924 467 1042 520 ‘royda
1056 493 1159 535 παρ
1185 468 1384 526 Ευδαμου
1407 466 1617 535 δραχμης

390 557 518 594 KAP.
554 551 660 597 Αλλ
687 571 764 596 ουκ
792 571 939 598 ενεστι
969 557 1252 616 συκοφαντου
1283 547 1603 612 δηὙματ-ος]

257 635 470 700 Operam
494 635 638 699 plane
670 636 857 695 ludunt,
898 633 982 701 qui
1021 654 1187 685 versus
1224 636 1378 685 ultimi
1403 636 1478 684 vel
1503 649 1699 697 sensum

255 712 331 760 vel
354 711 592 759 rationem
614 713 978 779 grammaticam
1005 730 1249 778 exponere
1274 718 1517 777 satagunt.
1553 710 1698 772 Quod

258 793 452 857 quidem
477 792 895 856 interpretamenti
920 793 1027 841 loco
1052 792 1193 840 affert
1217 792 1510 840 Scholiastes
1533 811 1543 841 :
1586 790 1700 839 Αλλ’

256 892 334 918 ουκ
373 891 516 934 ισχυει
552 870 678 920 οὗτος
710 870 734 918 ὁ
768 868 997 922 Barca-umes
1031 893 1138 935 προς
1173 894 1228 919 το
1264 868 1416 934 δηγμα
1456 886 1551 918 του
1570 878 1701 917 emko·-

257 952 447 1012 φαυτου·
490 945 777 1002 sententiam
804 947 918 993 satis
949 948 1248 995 commodam
1268 948 1319 995 in
1350 963 1401 994 se
1426 946 1587 994 habet.
1645 945 1704 994 ld

258 1022 390 1086 quod
414 1022 558 1086 etiam
583 1023 642 1069 de
675 1022 868 1087 Latina⁴
887 1023 1148 1071 Frischlini
1184 1023 1407 1071 versione
1445 1021 1702 1086 praedicari

256 1105 416 1163 potest
436 1119 464 1154 ;Ι
499 1098 595 1146 Sed
628 1106 800 1147 contra
841 1099 1156 1165 sycophantce
1193 1115 1411 1148 morsum
1447 1115 1548 1154 non
1571 1097 1701 1155 inest

258 1178 524 1227 remedium
543 1196 553 1226 ε
592 1178 662 1225 uti
686 1185 735 1225 et
757 1179 817 1225 de
840 1170 993 1225 altera
1015 1178 1109 1225 ista
1126 1177 1322 1225 editoris
1343 1175 1701 1225 Londinensis:

258 1257 323 1304 At
344 1273 444 1321 non
465 1256 594 1305 valet
617 1262 787 1303 contra
822 1255 1139 1321 sycophantae
1162 1271 1396 1303 morsum.
1424 1305 1430 1311 ,
1465 1254 1530 1301 At
1557 1253 1709 1302 verbo

258 1356 402 1384 ενεστι
433 1350 542 1381 cum
569 1355 712 1398 ισχυει
746 1333 1009 1398 quidquam
1045 1349 1300 1380 commune
1331 1348 1453 1389 esse,
1491 1337 1576 1378 aut
1597 1346 1706 1378 ver-

258 1412 374 1459 bum
398 1410 515 1458 illud
539 1425 648 1457 cum
676 1410 895 1476 genitivo
932 1410 1024 1457 rite
1064 1409 1319 1476 conjungi,
1362 1408 1469 1473 quis
1511 1407 1707 1455 tandem

261 1484 604 1536 confirmabit?
685 1486 815 1534 Ecce
862 1502 980 1534 vero
1026 1483 1327 1551 germanam,
1377 1483 1572 1548 siquid
1613 1498 1708 1549 ego

252 1562 438 1630 judico,
468 1562 564 1612 loci
585 1563 905 1628 scripturam:
1559 1559 1562 1561 ’

389 1660 494 1703 Αλλ
524 1677 573 1703 ου
602 1664 899 1702 ΠΕΡΙΕΣΤΑΙ
929 1660 1213 1720 συκοφαντου
1243 1650 1528 1717 δηὙματος.48

265 1742 362 1791 Sed
382 1759 482 1791 non
500 1742 751 1806 superabit
766 1741 871 1790 sive
887 1758 987 1790 non
1004 1741 1186 1791 valebit
1204 1747 1375 1789 contra
1393 1738 1707 1806 sycophantae

275 1855 279 1859 '
317 1845 383 1879 48.
412 1840 475 1878 οὐκ
496 1840 620 1880 ἔνεστι
641 1840 694 1887 D,
717 1841 763 1886 E,
783 1841 824 1888 F,
844 1841 898 1888 H,
922 1847 960 1879 et

264 1906 311 1953 C,
329 1919 416 1943 cum
435 1906 514 1944 sch.
535 1906 699 1960 ὑπάρχει
714 1905 957 1960 α’ναιρετικός.

263 1978 286 1996 “
311 1972 464 2010 Frustra
503 1967 797 2021 Aristophanem
835 1985 960 2009 ernen-

263 2039 351 2076 dare
373 2038 550 2087 Τοτφίιιε,
579 2037 766 2086 explicare
786 2035 960 2073 Reiskius

265 2101 476 2150 satagunt.’'
524 2099 575 2137 R.
598 2099 644 2137 P.
691 2100 739 2136 ad
765 2098 883 2148 Toup.
922 2112 959 2148 p.

264 2163 356 2202 462.
400 2169 424 2186 ‘⁶
446 2163 611 2202 Einfflao’t
657 2161 776 2210 λέγειν
822 2164 858 2199 οἷ
904 2160 959 2198 wa*

264 2228 460 2280 ’περίαπτα
479 2227 704 2272 πωλοῦντες,
731 2225 793 2263 ὅτι
821 2242 959 2279 χρησι-

263 2291 361 2340 μεύει
398 2291 488 2329 τόδε
536 2292 630 2344 πρὸς·
679 2290 783 2328 τόδε.
833 2290 960 2328 Schol.

266 2356 488 2396 Venditores
548 2356 797 2394 amuletorum
857 2361 961 2393 cata-

265 2424 393 2474 logum
428 2422 583 2460 sortasse
617 2423 758 2459 dabant
803 2421 962 2471 emptori

267 2489 447 2527 virtutum
499 2487 665 2532 amuleti,
713 2488 793 2525 hac
839 2487 961 2524 forma

267 2554 400 2592 Τοῦτο
426 2553 477 2590 τὸ
504 2555 696 2606 περίαμμα
728 2553 852 2607 ἰσχύει
876 2551 962 2590 κατ’

717 2617 838 2669 ὄφεως·
873 2616 962 2664 δήγ-

267 2699 403 2733 ματος,
419 2687 455 2720 et
473 2682 525 2720 sic
547 2695 668 2731 porro.
698 2683 835 2720 Sensus
849 2682 962 2732 igitur

269 2750 381 2800 hujus
399 2748 471 2786 loci
499 2754 569 2792 est,
599 2753 637 2784 at
656 2760 727 2784 non
745 2748 840 2786 inest
859 2752 962 2785 cata—

847 2813 868 2828 ’'
905 2811 964 2850 M.

267 2617 440 2666 ὅμματος
476 2615 672 2670 φθονέρου,

269 2815 354 2867 logo
373 2813 616 2867 συκοφάντου
635 2812 842 2862 δήγματος.

1013 1841 1154 1890 Raper.
1183 1839 1228 1878 ἄν
1245 1842 1330 1880 ἐστι
1349 1841 1398 1887 Τ,
1418 1846 1455 1878 et
1473 1838 1683 1877 Brunckius
1692 1852 1708 1881 ;

1014 1905 1146 1944 solaece
1161 1920 1172 1951 ;
1201 1905 1285 1942 vide
1304 1916 1417 1953 supra
1433 1903 1481 1940 ad
1498 1913 1535 1951 p.
1555 1898 1655 1948 166„
1674 1906 1714 1939 et

1014 1970 1110 2008 conf.
1129 1969 1180 2007 R.
1199 1969 1247 2006 P.
1276 1962 1472 2017 Advss.vp.
1486 1970 1593 2015 225„
1611 1966 1711 2017 apud

1015 2034 1063 2072 P.
1082 2033 1127 2070 P.
1143 2032 1197 2070 D.
1243 2032 1292 2070 ad
1325 2032 1427 2069 Nub.
1463 2029 1557 2075 647.
1595 2035 1712 2075 1472.

1012 2105 1052 2137 et
1061 2099 1108 2137 ad
1118 2099 1207 2136 Pac.
1222 2103 1237 2134 1
1246 2102 1337 2136 302.
1351 2112 1362 2143 ;
1381 2098 1510 2135 dextre
1523 2093 1715 2143 Ηοίἱόἰιιε,

1012 2166 1075 2202 οὐκ
1094 2157 1348 2216 α’νέξει,]ἐνι·ὲ
1364 2176 1434 2200 non
1451 2162 1616 2212 poterin
1645 2161 1711 2200 sed

1012 2239 1141 2268 vereor
1168 2229 1209 2265 tit
1237 2234 1388 2278 propter
1416 2227 1611 2266 confusam
1628 2238 1714 2264 ora-

1014 2295 1122 2334 tionis
1143 2294 1275 2331 seriem
1294 2306 1423 2331 versus
1450 2305 1544 2330 unus
1562 2298 1600 2330 et
1616 2291 1710 2336 alter

1014 2357 1250 2400 interciderit.
1279 2356 1389 2394 Plato
1406 2357 1554 2406 Protag.
1569 2367 1600 2401 1,
1618 2358 1712 2393 342.

1016 2422 1062 2460 B.
1093 2421 1144 2459 H.
1159 2422 1218 2459 St.
1245 2419 1442 2468 ἡγούμενοι
1462 2424 1494 2458 εἴ
1513 2420 1714 2467 «γνωσθεῖει

1015 2487 1044 2541 ᾧ
1063 2492 1234 2540 περιεῖσι,
1270 2487 1417 2524 πάντας
1444 2485 1568 2522 τοῦτο
1595 2482 1713 2529 α’σκή·

1015 2569 1106 2599 σειν,
1122 2551 1246 2602 quain
1263 2564 1305 2588 re
1321 2553 1508 2600 superent,
1528 2561 1575 2586 ex
1590 2561 1717 2586 emen-

1013 2618 1161 2656 datione
1180 2616 1331 2654 Hemde
1342 2630 1357 2659 ;
1383 2613 1496 2664 vulgo
1514 2612 1613 2667 ὅπέρ
1631 2617 1714 2651 εἶσι.

1016 2683 1113 2720 Vide
1135 2681 1309 2731 Xenoph.
1334 2679 1458 2723 Anah.
1479 2691 1510 2726 1,
1539 2683 1606 2724 97.
1636 2686 1711 2718 111,

1017 2746 1111 2790 236.
1141 2747 1262 2785 Mem.
1283 2757 1335 2791 11,
1352 2745 1403 2793 iii,
1424 2749 1486 2788 17.
1517 2743 1642 2781 Anah.
1663 2753 1712 2787 ιι,

1022 2811 1110 2852 116.
1144 2824 1215 2859 111,
1242 2814 1331 2857 210.
