1864 3132
430 264 654 293 ADnENDA-
676 266 727 292 ET
755 267 1051 301 CORRIGRNDA
1081 268 1143 295 An
1172 269 1328 297 NOTAs.
1513 256 1589 297 611

278 355 356 389 πΐοι
373 350 492 405 ἄρνες,
521 348 717 403 εὑρήσουσι
737 351 776 390 δέ
792 368 854 399 μοι
883 351 941 390 καὶ
965 351 1154 401 νοιῖμμους,
1183 355 1377 393 mom-mciv
1403 354 1482 408 ’γᾶρ
1511 353 1590 393 ἕντι

279 417 350 453 τᾶς
368 415 527 468 ματρός.
567 415 710 466 [versus
729 417 941 455 emendatos
961 418 1013 455 sic
1031 418 1182 468 digessit
1210 418 1260 456 R.
1275 418 1338 465 B„
1369 417 1478 457 Ἀλλ’
1495 418 1591 467 ὅμως

276 481 389 516 καλαί
406 495 450 517 τε
469 480 547 524 orto&
564 478 600 516 τ’
614 477 719 532 ἄρνες
737 481 936 533 εὖρήσουσί
953 498 1014 529 μοι
1031 482 1142 522 Δέκα
1158 482 1336 531 νούμμους
1353 483 1430 535 [vel
1448 483 1590 535 νόμως],

275 542 468 580 πωλατέαι
486 543 560 595 ’γάρ
583 542 660 580 ἐντὶ
681 545 784 590 μετά
811 546 880 583 τοῖς
909 546 1087 600 ματέρος.
1115 547 1154 584 in
1173 546 1278 597 Boyl.
1309 561 1346 597 p.
1363 546 1588 587 465=263.

275 608 490 645 πωλατικᾶς
507 608 581 660 γάρ
595 606 764 646 ’ἐντῖτᾶς
782 611 929 663 ματρός
948 611 1082 649 maluit
1097 611 1216 650 Koen.
1232 612 1280 649 ad
1293 613 1408 663 Greg.
1426 626 1462 662 p.
1483 614 1588 665 130.]

273 670 334 709 καὶ
352 674 474 710 παλίν·
519 674 654 726 Κᾶρυξ
682 673 744 711 Idu
776 674 874 713 εὖθιῖς
906 678 1004 728 πριιιῗ
1031 692 1095 724 μοι
1125 676 1212 716 δέκα
1243 675 1407 725 νούμμων
1433 677 1588 732 μόσχον

271 737 398 782 καλήν·
433 738 480 775 ad
508 738 654 776 lambos
682 739 731 776 ab
762 738 811 776 R.
830 739 878 777 B.
909 741 1091 788 redactus,
1123 742 1263 794 Κᾶρυξ
1277 743 1339 779 ἰῶν
1358 741 1472 781 Εὖθιὶς
1490 744 1584 796 πρίω

269 818 333 849 μοι
358 802 443 841 δέκα
471 803 633 851 νούμμων
647 803 803 857 μόσχον
823 805 951 850 καλήν.
980 805 1074 843 Ibid.
1093 819 1128 855 p.
1147 803 1239 843 464.
1266 806 1587 858 [νόμων-καλόν

274 865 392 917 Toup.
409 868 457 905 ad
477 867 577 905 Suid.
595 867 621 906 l.
639 873 730 913 419.
762 873 798 906 et
820 868 856 905 V
853 869 946 909 alclc.
971 871 1018 907 ad
1039 870 1221 907 Adoniaz.
1249 883 1285 919 p.
1303 871 1412 922 308‚.]
1450 870 1587 919 Ὀιγιγία

228 918 240 930 ’
270 930 434 982 [Οὗγγία
451 932 696 984 recentiores]‚
715 933 835 980 uncia,
855 934 976 980 ἤμίνα,
995 935 1134 986 λίτρας
1155 947 1202 972 ex
1221 934 1350 972 eodem
1368 934 1588 972 Eustatlzius

271 996 413 1044 laudat,
432 997 480 1034 ad
498 996 544 1035 Il.
567 1009 611 1034 x.
638 1010 675 1046 p.
694 997 831 1048 [1282‚
849 997 918 1048 48]
940 1001 1055 1042 1389.
1086 998 1110 1035 l.
1132 1003 1192 1036 11.
1229 1001 1254 1044 ἠ
1282 999 1320 1037 δέ
1346 1001 1455 1047 ἡμίνα
1482 999 1589 1038 0530-

269 1061 354 1108 μοῧ.
394 1059 480 1100 ἔστι
517 1060 545 1099 δ’
575 1060 638 1099 οὖν
669 1063 760 1114 παρ’
795 1061 1028 1116 Ἐπιχάρμῳ,
1063 1061 1102 1100 ὃς
1132 1063 1190 1101 καὶ
1227 1063 1359 1112 ὀγγὶαν
1387 1064 1500 1113 λέγει,
1528 1064 1587 1103 καὶ

270 1129 417 1180 λίτραν.
458 1128 625 1174 Πόλτου,
650 1128 799 1177 pultem,
829 1128 1025 1166 Athenaeus
1045 1129 1126 1167 Lib.
1148 1141 1244 1166 XIV.
1262 1143 1298 1179 p.
1317 1129 1408 1168 648.
1429 1131 1476 1168 B.
1510 1130 1589 1169 Καὶ

231 1222 239 1223 ε
271 1192 499 1246 Επὶχαρμος
516 1193 557 1232 δέ
575 1194 692 1232 οὕτως
708 1196 807 1243 λέγει
824 1194 864 1233 ἐν
882 1196 910 1233 Γ
913 1196 938 1246 ᾇ
956 1195 1014 1233 καὶ
1034 1196 1223 1250 Θαλάσσῃ
1254 1197 1404 1248 [-o·qt]·
1439 1196 1588 1235 πόλτον

267 1257 380 1308 ἕψειν
398 1259 560 1312 ὄρθριον.
606 1261 746 1299 Verum
775 1270 901 1300 tamen
929 1262 1064 1300 harum
1083 1276 1219 1301 vocum
1239 1263 1408 1300 omnium
1428 1262 1530 1313 origo
1547 1263 1587 1300 in

271 1323 439 1370 Italiam,
466 1337 514 1361 an
531 1325 568 1362 in
586 1325 710 1363 vicina
725 1327 852 1364 Sicilia
865 1327 1062 1377 quaerenda
1078 1328 1139 1374 sit,
1167 1329 1344 1366 obsurum
1362 1333 1418 1365 est
1431 1341 1446 1365 ε·
1470 1340 1587 1378 neque

267 1388 397 1425 eadem
415 1389 585 1426 omnibus
604 1388 764 1429 licentia.
804 1390 1024 1439 Epicharmo
1043 1391 1168 1430 Siculo
1186 1391 1370 1429 vocabula
1389 1391 1587 1429 Siciliensi-

268 1452 336 1489 bus
371 1458 460 1490 nota
484 1452 586 1490 licuit
615 1466 815 1502 usurpare3
861 1454 1064 1505 Hermippo
1097 1456 1316 1494 Atheniensi
1345 1457 1412 1494 vix
1440 1457 1585 1494 videtur

266 1517 377 1556 fuisse
395 1518 550 1565 licitum,
584 1531 714 1557 vocem
736 1519 879 1557 Latinae
893 1520 1041 1570 originis
1068 1521 1107 1558 in
1134 1522 1323 1559 theatrum
1342 1522 1513 1559 Atticum
1530 1521 1585 1558 iu-

266 1584 371 1631 ferre,
390 1597 502 1635 quam
521 1597 630 1621 nemo
647 1584 813 1622 fortassis
832 1590 1082 1634 spectatorum
1099 1585 1351 1623 intellexisset.
1395 1585 1467 1622 Sed
1490 1584 1583 1622 forte

267 1648 471 1694 hominem,
504 1654 544 1686 ut
561 1648 652 1695 dixi,
688 1649 907 1686 Doriensem
935 1649 974 1686 in
1000 1662 1150 1687 scenam
1168 1649 1394 1687 introduxit:
1425 1649 1465 1686 hi
1483 1649 1582 1687 enim

267 1729 309 1750 ου
328 1718 476 1750 mutant
491 1713 530 1750 in
548 1730 588 1758 ω,
606 1719 647 1751 ut
664 1714 912 1752 notissimum.
968 1714 1099 1753 Maeris
1117 1722 1243 1754 autem
1261 1715 1332 1753 hoc
1351 1728 1497 1762 nomen,
1524 1722 1584 1754 ut-

264 1783 350 1827 pote
367 1777 549 1828 singulare
568 1786 605 1816 et
621 1779 866 1825 rarissimum,
894 1780 1146 1818 adnotandum
1171 1786 1207 1818 et
1235 1780 1494 1830 explicandum
1512 1780 1581 1818 sibi

266 1842 435 1880 sumsit.”
472 1856 534 1891 pp.
552 1847 648 1888 349,
677 1847 768 1880 350.
822 1843 882 1881 Sic
914 1857 1023 1882 voces
1056 1844 1161 1889 Μνᾶ,
1201 1843 1346 1898 Μόρον,
1377 1841 1500 1890 Οἶνος,
1533 1855 1581 1882 ex

263 1907 399 1945 oriente
415 1907 455 1943 in
475 1907 663 1944 Graeciam
682 1919 747 1956 per
763 1914 1012 1945 mercaturam
1027 1908 1159 1945 delatae
1178 1914 1330 1945 sunt.—
1338 1907 1581 1945 Commemo-

263 1978 348 2009 ratu
382 1984 523 2021 quoque
553 1970 709 2021 dignum*
736 1973 1015 2010 Artemidorum
1042 1974 1081 2010 in
1111 1974 1344 2023 geographiae
1370 1973 1579 2025 fragmento

261 2035 362 2085 apud
389 2034 443 2071 H.
462 2034 681 2083 Stephanum
709 2035 803 2072 inter
835 2037 985 2073 Atticos
1012 2043 1049 2074 et
1075 2037 1316 2074 Athenienses
1339 2037 1575 2087 dignoscere:

262 2099 340 2136 τόν
358 2097 386 2136 δ’
403 2097 637 2137 ἐνοικούντων
654 2101 690 2136 οἱ
705 2099 771 2144 μὲν
786 2099 972 2145 Ἀττικοὶ,
992 2102 1028 2137 οἱ
1045 2099 1084 2137 δὲ
1101 2099 1300 2144 Ἀθηναῖοι·
1341 2104 1376 2139 οἱ
1400 2105 1467 2148 μὲν
1494 2105 1579 2139 Ατ-

261 2162 371 2207 mxci,
399 2164 586 2214 περίεργοι
604 2168 685 2199 ταῖς
703 2168 856 2208 λαλιαΐς,
883 2162 1048 2209 ὕπουλοι,
1074 2163 1384 2214 συκοφαντῶὃεις,
1403 2180 1577 2218 παρατη-

261 2223 375 2277 ptri-al
393 2225 470 2261 τίν
486 2226 631 2275 ξενικόν
646 2225 750 2274 βίων·
792 2228 828 2263 οἱ
845 2226 885 2264 δέ
911 2225 1113 2272 Ἀθηναῖοι,
1136 2224 1427 2280 μεγαλόψυχοι,
1459 2227 1575 2264 α’πλοὶ

261 2294 340 2327 τοῖς
360 2289 529 2341 τρόποις,
558 2292 680 2340 φιλίας
698 2290 838 2336 γνήσιοι
858 2290 1028 2342 φύλακες.

161 2358 249 2399 179.
278 2354 347 2391 col.
365 2359 402 2392 2.
430 2353 454 2390 I.
476 2358 537 2391 12.
567 2352 828 2392 Hermocrates
848 2355 1104 2405 Syracusanus
1122 2357 1219 2405 apud
1239 2357 1409 2408 Thucyd.
1430 2371 1491 2405 VI,
1510 2363 1574 2406 77,

264 2417 328 2455 οὐκ
347 2416 466 2454 Ἴωνες
486 2415 577 2456 τάδε
597 2417 869 2463 eloam—dm&
885 2419 1038 2471 Δωριεῖς
1061 2419 1256 2474 ἐλεύθεροι,
1281 2421 1346 2459 ἀπ’
1363 2423 1573 2469 αὐτονόμου

262 2483 331 2528 τῆς
349 2480 640 2526 Πελοποννήσου
657 2483 729 2526 ’τήν
746 2483 916 2520 Σικελίαν
933 2486 1129 2523 οἰκοῦντες.

160 2550 248 2584 180.
275 2545 343 2583 col.
367 2550 400 2582 1.
429 2550 455 2567 ‘⁴
476 2546 538 2583 23⁹
555 2544 671 2583 '‘Eoos-
690 2545 730 2585 ’δέ
746 2545 852 2584 ἐστιν
869 2548 994 2585 αὐτοῖς
1018 2548 1230 2602 [Αἷολεῦσι]
1261 2551 1338 2588 τῶν
1355 2548 1572 2601 φωνηέντων

263 2610 478 2664 προτιθέναι
497 2610 548 2646 τό
565 2609 739 2658 δι’·γαμμα.
781 2609 916 2648 Joann.
937 2610 1142 2650 Grammat.
1170 2613 1197 2651 f.
1217 2619 1308 2652 244.
1338 2615 1372 2650 b.

158 2680 248 2714 182.
274 2676 343 2713 col.
361 2680 397 2714 2.
425 2676 450 2712 l.
464 2673 502 2712 6.
531 2679 557 2697 “
571 2673 940 2722 Codice.”—In.sere‚
961 2676 1050 2715 duas
1067 2680 1391 2715 mutuamur*.-e
1406 2689 1443 2726 p.
1464 2679 1568 2729 187.]

161 2744 248 2778 184.
275 2741 344 2778 col.
363 2745 401 2779 2.
431 2740 455 2777 l.
474 2743 538 2777 30.
566 2740 756 2777 horridior.
994 2774 999 2778 ,

159 2810 249 2850 187.
276 2805 344 2843 col.
363 2810 399 2844 2.
427 2805 451 2842 I.
474 2809 509 2841 1.
539 2804 697 2850 Quintil.
717 2817 749 2852 1,
777 2805 840 2842 vii.
873 2810 897 2828 “
919 2805 1049 2844 Nostri
1067 2813 1307 2857 praeceptores
1325 2817 1476 2853 cervom,
1492 2819 1570 2844 ser-

259 2880 406 2920 vomque
431 2868 689 2919 scripserunt.’'
738 2868 918 2906 Priscian.
937 2869 1008 2907 col.
1030 2874 1119 2909 554.
1165 2877 1187 2894 ‘⁶
1212 2870 1253 2907 U
1270 2882 1412 2920 quoque
1441 2870 1568 2908 multis

821 2937 846 2970 4
866 2944 895 2970 x
