<?xml version="1.0" encoding="UTF-8"?>
<!DOCTYPE html PUBLIC "-//W3C//DTD XHTML 1.0 Transitional//EN"
    "http://www.w3.org/TR/xhtml1/DTD/xhtml1-transitional.dtd">
<html xmlns="http://www.w3.org/1999/xhtml" xml:lang="en" lang="en">
 <head>
  <title>
</title>
<meta http-equiv="Content-Type" content="text/html;charset=utf-8" />
  <meta name='ocr-system' content='tesseract 3.04.00' />
  <meta name='ocr-capabilities' content='ocr_page ocr_carea ocr_par ocr_line ocrx_word'/>
</head>
<body>
  <div class='ocr_page' id='page_1' title='image "./miscellaneacriti00daweuoft_0175.png"; bbox 0 0 1864 3132; ppageno 0'>
   <div class='ocr_carea' id='block_1_1' title="bbox 867 227 963 277">
    <p class='ocr_par' dir='ltr' id='par_1_1' title="bbox 867 227 963 277">
     <span class='ocr_line' id='line_1_1' title="bbox 867 227 963 277; baseline 0.01 -1"><span class='ocrx_word' id='word_1_1' title='bbox 867 227 963 277; x_wconf 80' lang='lat'><strong>103</strong></span> 
     </span>
    </p>
   </div>
   <div class='ocr_carea' id='block_1_2' title="bbox 212 331 1624 779">
    <p class='ocr_par' dir='ltr' id='par_1_2' title="bbox 212 331 1624 779">
     <span class='ocr_line' id='line_1_2' title="bbox 216 331 1619 400; baseline -0.004 -17"><span class='ocrx_word' id='word_1_2' title='bbox 216 332 292 383; x_wconf 85' lang='lat' dir='ltr'><strong>En</strong></span> <span class='ocrx_word' id='word_1_3' title='bbox 329 333 416 383; x_wconf 83' lang='lat' dir='ltr'><strong>tibi</strong></span> <span class='ocrx_word' id='word_1_4' title='bbox 452 335 623 400; x_wconf 90' lang='lat' dir='ltr'><strong>pedum</strong></span> <span class='ocrx_word' id='word_1_5' title='bbox 655 331 874 397; x_wconf 88' lang='lat' dir='ltr'><strong>exempla</strong></span> <span class='ocrx_word' id='word_1_6' title='bbox 916 350 1023 383; x_wconf 90' lang='lat' dir='ltr'><strong>cum</strong></span> <span class='ocrx_word' id='word_1_7' title='bbox 1067 346 1304 399; x_wconf 67' lang='lat' dir='ltr'><strong>woxpovoev</strong></span> <span class='ocrx_word' id='word_1_8' title='bbox 1338 338 1440 380; x_wconf 87' lang='lat' dir='ltr'><strong>tum</strong></span> <span class='ocrx_word' id='word_1_9' title='bbox 1473 334 1619 379; x_wconf 71' lang='grc' dir='ltr'>ανισσ·</span> 
     </span>
     <span class='ocr_line' id='line_1_3' title="bbox 214 404 542 475; baseline 0.006 -16"><span class='ocrx_word' id='word_1_10' title='bbox 214 429 402 475; x_wconf 74' lang='grc' dir='ltr'><em>χρονωνζ</em></span> <span class='ocrx_word' id='word_1_11' title='bbox 480 423 484 431; x_wconf 85' lang='lat'><em>&#39;</em></span> <span class='ocrx_word' id='word_1_12' title='bbox 539 404 542 405; x_wconf 21' lang='lat'><em>⁷</em></span> 
     </span>
     <span class='ocr_line' id='line_1_4' title="bbox 486 480 1534 534; baseline -0.003 0"><span class='ocrx_word' id='word_1_13' title='bbox 486 515 488 518; x_wconf 38' lang='lat' dir='ltr'>v</span> <span class='ocrx_word' id='word_1_14' title='bbox 551 486 595 534; x_wconf 87' lang='lat' dir='ltr'>A</span> <span class='ocrx_word' id='word_1_15' title='bbox 1067 485 1110 533; x_wconf 94' lang='lat' dir='ltr'>B</span> <span class='ocrx_word' id='word_1_16' title='bbox 1461 480 1534 531; x_wconf 74' lang='lat' dir='ltr'><strong>‘O</strong></span> 
     </span>
     <span class='ocr_line' id='line_1_5' title="bbox 216 554 1584 625; baseline -0.003 -14"><span class='ocrx_word' id='word_1_17' title='bbox 216 561 405 611; x_wconf 83' lang='lat' dir='ltr'>Iambus</span> <span class='ocrx_word' id='word_1_18' title='bbox 508 587 546 609; x_wconf 69' lang='grc' dir='ltr'><strong>υ</strong></span> <span class='ocrx_word' id='word_1_19' title='bbox 588 554 649 604; x_wconf 67' lang='grc'><strong>’-</strong></span> <span class='ocrx_word' id='word_1_20' title='bbox 691 560 959 610; x_wconf 83' lang='lat' dir='ltr'><strong>Trochaeus</strong></span> <span class='ocrx_word' id='word_1_21' title='bbox 1017 596 1055 604; x_wconf 86' lang='lat'><em>-</em></span> <span class='ocrx_word' id='word_1_22' title='bbox 1122 560 1409 625; x_wconf 57' lang='lat' dir='ltr'><strong>cSpondeus</strong></span> <span class='ocrx_word' id='word_1_23' title='bbox 1443 594 1494 603; x_wconf 82' lang='lat'><strong>...</strong></span> <span class='ocrx_word' id='word_1_24' title='bbox 1523 591 1584 600; x_wconf 49' lang='lat'><strong>‹-</strong></span> 
     </span>
     <span class='ocr_line' id='line_1_6' title="bbox 212 563 1624 705; baseline -0.004 -18"><span class='ocrx_word' id='word_1_25' title='bbox 212 638 546 705; x_wconf 52' lang='lat' dir='ltr'><strong>Tribrach&#39;yst)</strong></span> <span class='ocrx_word' id='word_1_26' title='bbox 574 563 584 699; x_wconf 72' lang='grc' dir='ltr'>Ι</span> <span class='ocrx_word' id='word_1_27' title='bbox 611 637 1058 705; x_wconf 64' lang='grc' dir='ltr'><strong>υυΤῐίῢΓαοΙιγευυ</strong></span> <span class='ocrx_word' id='word_1_28' title='bbox 1123 638 1394 703; x_wconf 67' lang='grc' dir='ltr'><strong>υΒειοῐγΙιιε</strong></span> <span class='ocrx_word' id='word_1_29' title='bbox 1445 669 1483 679; x_wconf 92' lang='grc'>-</span> <span class='ocrx_word' id='word_1_30' title='bbox 1547 658 1624 681; x_wconf 63' lang='lat' dir='ltr'>w</span> 
     </span>
     <span class='ocr_line' id='line_1_7' title="bbox 1122 715 1591 779; baseline -0.006 -15"><span class='ocrx_word' id='word_1_31' title='bbox 1122 715 1485 779; x_wconf 63' lang='lat' dir='ltr'><strong>Anapaestusw</strong></span> <span class='ocrx_word' id='word_1_32' title='bbox 1549 742 1591 753; x_wconf 89' lang='lat'><em>-</em></span> 
     </span>
    </p>
   </div>
   <div class='ocr_carea' id='block_1_3' title="bbox 213 823 1348 970">
    <p class='ocr_par' dir='ltr' id='par_1_3' title="bbox 213 823 1348 970">
     <span class='ocr_line' id='line_1_8' title="bbox 213 823 1348 970; baseline 0 -20"><span class='ocrx_word' id='word_1_33' title='bbox 213 901 482 951; x_wconf 83' lang='lat' dir='ltr'><strong>Trochaeus</strong></span> <span class='ocrx_word' id='word_1_34' title='bbox 503 826 587 944; x_wconf 82' lang='lat' dir='ltr'><strong>-D</strong></span> <span class='ocrx_word' id='word_1_35' title='bbox 607 932 645 955; x_wconf 64' lang='grc' dir='ltr'><strong>υ</strong></span> <span class='ocrx_word' id='word_1_36' title='bbox 778 902 1027 970; x_wconf 87' lang='lat' dir='ltr'><strong>Spondeus</strong></span> <span class='ocrx_word' id='word_1_37' title='bbox 1074 963 1079 970; x_wconf 36' lang='grc' dir='ltr'>Ι</span> <span class='ocrx_word' id='word_1_38' title='bbox 1257 823 1348 944; x_wconf 81' lang='lat' dir='ltr'><strong>-E</strong></span> 
     </span>
    </p>
   </div>
   <div class='ocr_carea' id='block_1_4' title="bbox 213 972 1294 1091">
    <p class='ocr_par' dir='ltr' id='par_1_4' title="bbox 213 972 1294 1091">
     <span class='ocr_line' id='line_1_9' title="bbox 213 972 1294 1091; baseline -0.006 -36"><span class='ocrx_word' id='word_1_39' title='bbox 213 981 405 1031; x_wconf 66' lang='lat' dir='ltr'><strong>Iambus</strong></span> <span class='ocrx_word' id='word_1_40' title='bbox 504 1010 542 1032; x_wconf 55' lang='grc' dir='ltr'><strong><em>υ</em></strong></span> <span class='ocrx_word' id='word_1_41' title='bbox 608 1025 646 1033; x_wconf 93' lang='grc'><strong>·-·</strong></span> <span class='ocrx_word' id='word_1_42' title='bbox 778 1003 1156 1068; x_wconf 86' lang='lat' dir='ltr'><strong>Amphibrachys</strong></span> <span class='ocrx_word' id='word_1_43' title='bbox 1181 972 1294 1091; x_wconf 57' lang='lat'><strong>{⁸³-</strong></span> 
     </span>
    </p>
   </div>
   <div class='ocr_carea' id='block_1_5' title="bbox 1257 1060 1295 1083">
    <p class='ocr_par' dir='ltr' id='par_1_5' title="bbox 1257 1060 1295 1083">
     <span class='ocr_line' id='line_1_10' title="bbox 1257 1060 1295 1083; baseline 0 0"><span class='ocrx_word' id='word_1_44' title='bbox 1257 1060 1295 1083; x_wconf 68' lang='grc' dir='ltr'><strong>υ</strong></span> 
     </span>
    </p>
   </div>
   <div class='ocr_carea' id='block_1_6' title="bbox 570 903 580 1038">
    <p class='ocr_par' dir='ltr' id='par_1_6' title="bbox 570 903 580 1038">
     <span class='ocr_line' id='line_1_11' title="bbox 570 903 580 1038; baseline 0 0"><span class='ocrx_word' id='word_1_45' title='bbox 570 903 580 1038; x_wconf 95' lang='lat' dir='ltr'><strong> </strong></span> 
     </span>
    </p>
   </div>
   <div class='ocr_carea' id='block_1_7' title="bbox 1360 977 1399 1015">
    <p class='ocr_par' dir='ltr' id='par_1_7' title="bbox 1360 977 1399 1015">
     <span class='ocr_line' id='line_1_12' title="bbox 1360 977 1399 1015; baseline 0 -36"><span class='ocrx_word' id='word_1_46' title='bbox 1360 977 1399 1015; x_wconf 60' lang='lat'>0</span> 
     </span>
    </p>
   </div>
   <div class='ocr_carea' id='block_1_8' title="bbox 1323 897 1332 1099">
    <p class='ocr_par' dir='ltr' id='par_1_8' title="bbox 1323 897 1332 1099">
     <span class='ocr_line' id='line_1_13' title="bbox 1323 897 1332 1099; baseline 0 0"><span class='ocrx_word' id='word_1_47' title='bbox 1323 897 1332 1099; x_wconf 95' lang='lat' dir='ltr'><strong> </strong></span> 
     </span>
    </p>
   </div>
   <div class='ocr_carea' id='block_1_9' title="bbox 1361 1060 1438 1083">
    <p class='ocr_par' dir='ltr' id='par_1_9' title="bbox 1361 1060 1438 1083">
     <span class='ocr_line' id='line_1_14' title="bbox 1361 1060 1438 1083; baseline 0 0"><span class='ocrx_word' id='word_1_48' title='bbox 1361 1060 1438 1083; x_wconf 81' lang='grc' dir='ltr'><strong>-υ</strong></span> 
     </span>
    </p>
   </div>
   <div class='ocr_carea' id='block_1_10' title="bbox 149 1147 1727 2844">
    <p class='ocr_par' dir='ltr' id='par_1_10' title="bbox 149 1147 1727 2451">
     <span class='ocr_line' id='line_1_15' title="bbox 213 1147 1727 1221; baseline -0.004 -16"><span class='ocrx_word' id='word_1_49' title='bbox 213 1155 241 1187; x_wconf 66' lang='grc'><em>*</em></span> <span class='ocrx_word' id='word_1_50' title='bbox 254 1155 418 1206; x_wconf 86' lang='lat' dir='ltr'><strong>Habes</strong></span> <span class='ocrx_word' id='word_1_51' title='bbox 439 1156 606 1221; x_wconf 82' lang='lat' dir='ltr'><strong>utique</strong></span> <span class='ocrx_word' id='word_1_52' title='bbox 621 1155 854 1204; x_wconf 87' lang='lat' dir='ltr'><strong>linearum</strong></span> <span class='ocrx_word' id='word_1_53' title='bbox 876 1155 1140 1204; x_wconf 90' lang='lat' dir='ltr'><strong>secantium</strong></span> <span class='ocrx_word' id='word_1_54' title='bbox 1159 1155 1217 1213; x_wconf 93' lang='lat' dir='ltr'><strong>A,</strong></span> <span class='ocrx_word' id='word_1_55' title='bbox 1238 1154 1295 1212; x_wconf 90' lang='lat' dir='ltr'><strong>B,</strong></span> <span class='ocrx_word' id='word_1_56' title='bbox 1319 1160 1368 1202; x_wconf 88' lang='lat' dir='ltr'><strong>et</strong></span> <span class='ocrx_word' id='word_1_57' title='bbox 1385 1153 1427 1201; x_wconf 90' lang='lat' dir='ltr'>C</span> <span class='ocrx_word' id='word_1_58' title='bbox 1451 1151 1627 1202; x_wconf 89' lang='lat' dir='ltr'><strong>utravis</strong></span> <span class='ocrx_word' id='word_1_59' title='bbox 1665 1147 1727 1198; x_wconf 87' lang='lat'><strong>63</strong></span> 
     </span>
     <span class='ocr_line' id='line_1_16' title="bbox 210 1231 1628 1298; baseline -0.001 -18"><span class='ocrx_word' id='word_1_60' title='bbox 210 1248 272 1280; x_wconf 85' lang='lat' dir='ltr'><strong>ex</strong></span> <span class='ocrx_word' id='word_1_61' title='bbox 292 1239 428 1297; x_wconf 88' lang='lat' dir='ltr'><strong>parte</strong></span> <span class='ocrx_word' id='word_1_62' title='bbox 451 1239 669 1298; x_wconf 87' lang='lat' dir='ltr'><strong>tempora</strong></span> <span class='ocrx_word' id='word_1_63' title='bbox 691 1249 789 1282; x_wconf 93' lang='lat' dir='ltr'><strong>non</strong></span> <span class='ocrx_word' id='word_1_64' title='bbox 823 1232 915 1281; x_wconf 88' lang='lat' dir='ltr'><strong>nisi</strong></span> <span class='ocrx_word' id='word_1_65' title='bbox 947 1232 1166 1297; x_wconf 86' lang='lat' dir='ltr'><strong>aequalia,</strong></span> <span class='ocrx_word' id='word_1_66' title='bbox 1201 1231 1491 1296; x_wconf 90' lang='lat' dir='ltr'><strong>reliquarum</strong></span> <span class='ocrx_word' id='word_1_67' title='bbox 1512 1245 1628 1278; x_wconf 90' lang='lat' dir='ltr'><strong>vero</strong></span> 
     </span>
     <span class='ocr_line' id='line_1_17' title="bbox 212 1307 1628 1375; baseline -0.001 -19"><span class='ocrx_word' id='word_1_68' title='bbox 212 1307 260 1356; x_wconf 95' lang='lat' dir='ltr'>D</span> <span class='ocrx_word' id='word_1_69' title='bbox 283 1315 332 1357; x_wconf 89' lang='lat' dir='ltr'><strong>et</strong></span> <span class='ocrx_word' id='word_1_70' title='bbox 353 1309 397 1358; x_wconf 92' lang='lat' dir='ltr'>E</span> <span class='ocrx_word' id='word_1_71' title='bbox 419 1326 517 1358; x_wconf 92' lang='lat' dir='ltr'><strong>non</strong></span> <span class='ocrx_word' id='word_1_72' title='bbox 552 1310 644 1358; x_wconf 90' lang='lat' dir='ltr'><strong>nisi</strong></span> <span class='ocrx_word' id='word_1_73' title='bbox 676 1308 947 1374; x_wconf 83' lang='lat' dir='ltr'><strong>inaequalia.</strong></span> <span class='ocrx_word' id='word_1_74' title='bbox 1007 1308 1224 1373; x_wconf 88' lang='lat' dir='ltr'><strong>Percipis</strong></span> <span class='ocrx_word' id='word_1_75' title='bbox 1248 1308 1353 1375; x_wconf 85' lang='lat' dir='ltr'><strong>jam</strong></span> <span class='ocrx_word' id='word_1_76' title='bbox 1393 1307 1628 1356; x_wconf 89' lang='lat' dir='ltr'><strong>rationem</strong></span> 
     </span>
     <span class='ocr_line' id='line_1_18' title="bbox 211 1385 1629 1452; baseline -0.001 -20"><span class='ocrx_word' id='word_1_77' title='bbox 211 1385 450 1433; x_wconf 79' lang='lat' dir='ltr'><strong>decantati</strong></span> <span class='ocrx_word' id='word_1_78' title='bbox 471 1386 611 1444; x_wconf 80' lang='lat' dir='ltr'><strong>illius,</strong></span> <span class='ocrx_word' id='word_1_79' title='bbox 650 1387 695 1434; x_wconf 87' lang='grc' dir='ltr'><strong>Ο</strong></span> <span class='ocrx_word' id='word_1_80' title='bbox 718 1409 927 1452; x_wconf 80' lang='grc' dir='ltr'>τροχαιος</span> <span class='ocrx_word' id='word_1_81' title='bbox 958 1389 1189 1435; x_wconf 83' lang='grc' dir='ltr'>αυτιπαθει</span> <span class='ocrx_word' id='word_1_82' title='bbox 1210 1409 1275 1449; x_wconf 80' lang='grc' dir='ltr'><strong>τῳ</strong></span> <span class='ocrx_word' id='word_1_83' title='bbox 1297 1387 1497 1447; x_wconf 71' lang='grc' dir='ltr'><strong>ιαμβῳ,1·</strong></span> <span class='ocrx_word' id='word_1_84' title='bbox 1531 1385 1629 1432; x_wconf 82' lang='lat' dir='ltr'><strong>Sive</strong></span> 
     </span>
     <span class='ocr_line' id='line_1_19' title="bbox 211 1460 1631 1524; baseline 0.001 -16"><span class='ocrx_word' id='word_1_85' title='bbox 211 1460 276 1508; x_wconf 93' lang='lat' dir='ltr'><strong>ob</strong></span> <span class='ocrx_word' id='word_1_86' title='bbox 320 1477 463 1524; x_wconf 90' lang='lat' dir='ltr'><strong>quam</strong></span> <span class='ocrx_word' id='word_1_87' title='bbox 506 1462 557 1509; x_wconf 93' lang='lat' dir='ltr'><strong>in</strong></span> <span class='ocrx_word' id='word_1_88' title='bbox 599 1477 740 1509; x_wconf 90' lang='lat' dir='ltr'><strong>versu</strong></span> <span class='ocrx_word' id='word_1_89' title='bbox 783 1462 1027 1510; x_wconf 89' lang='lat' dir='ltr'><strong>trochaico</strong></span> <span class='ocrx_word' id='word_1_90' title='bbox 1070 1462 1272 1520; x_wconf 87' lang='lat' dir='ltr'><strong>iambus,</strong></span> <span class='ocrx_word' id='word_1_91' title='bbox 1328 1462 1379 1509; x_wconf 90' lang='lat' dir='ltr'><strong>in</strong></span> <span class='ocrx_word' id='word_1_92' title='bbox 1424 1461 1631 1509; x_wconf 82' lang='lat' dir='ltr'><strong>iambico</strong></span> 
     </span>
     <span class='ocr_line' id='line_1_20' title="bbox 211 1533 1630 1602; baseline 0.001 -18"><span class='ocrx_word' id='word_1_93' title='bbox 211 1536 414 1584; x_wconf 88' lang='lat' dir='ltr'><strong>vicissim</strong></span> <span class='ocrx_word' id='word_1_94' title='bbox 458 1533 696 1586; x_wconf 85' lang='lat' dir='ltr'><strong>trochaeus</strong></span> <span class='ocrx_word' id='word_1_95' title='bbox 741 1551 977 1600; x_wconf 82' lang='lat' dir='ltr'><strong>nusquam</strong></span> <span class='ocrx_word' id='word_1_96' title='bbox 1020 1537 1178 1585; x_wconf 90' lang='lat' dir='ltr'><strong>locum</strong></span> <span class='ocrx_word' id='word_1_97' title='bbox 1223 1538 1430 1602; x_wconf 48' lang='lat' dir='ltr'><strong>habeat„</strong></span> <span class='ocrx_word' id='word_1_98' title='bbox 1507 1537 1630 1597; x_wconf 83' lang='lat' dir='ltr'><strong>Quae</strong></span> 
     </span>
     <span class='ocr_line' id='line_1_21' title="bbox 212 1607 1630 1679; baseline -0.001 -17"><span class='ocrx_word' id='word_1_99' title='bbox 212 1614 419 1677; x_wconf 91' lang='lat' dir='ltr'><strong>quidem,</strong></span> <span class='ocrx_word' id='word_1_100' title='bbox 455 1620 702 1679; x_wconf 79' lang='lat' dir='ltr'><strong>utcunque</strong></span> <span class='ocrx_word' id='word_1_101' title='bbox 724 1607 927 1676; x_wconf 84' lang='lat' dir='ltr'>simplex</span> <span class='ocrx_word' id='word_1_102' title='bbox 950 1612 1024 1669; x_wconf 90' lang='lat' dir='ltr'><strong>sit,</strong></span> <span class='ocrx_word' id='word_1_103' title='bbox 1060 1613 1249 1661; x_wconf 90' lang='lat' dir='ltr'><strong>criticos</strong></span> <span class='ocrx_word' id='word_1_104' title='bbox 1272 1619 1433 1660; x_wconf 86' lang='lat' dir='ltr'><strong>tamen</strong></span> <span class='ocrx_word' id='word_1_105' title='bbox 1464 1628 1630 1661; x_wconf 86' lang='lat' dir='ltr'><strong>omnes</strong></span> 
     </span>
     <span class='ocr_line' id='line_1_22' title="bbox 211 1687 1631 1749; baseline -0.001 -12"><span class='ocrx_word' id='word_1_106' title='bbox 211 1689 398 1738; x_wconf 91' lang='lat' dir='ltr'><strong>videtur</strong></span> <span class='ocrx_word' id='word_1_107' title='bbox 442 1688 679 1737; x_wconf 82' lang='lat' dir='ltr'><strong>fefellisse.</strong></span> <span class='ocrx_word' id='word_1_108' title='bbox 749 1687 879 1736; x_wconf 89' lang='lat' dir='ltr'><strong>Hinc</strong></span> <span class='ocrx_word' id='word_1_109' title='bbox 918 1688 1062 1736; x_wconf 90' lang='lat' dir='ltr'><strong>etiam</strong></span> <span class='ocrx_word' id='word_1_110' title='bbox 1101 1689 1223 1749; x_wconf 85' lang='lat' dir='ltr'><strong>ratio</strong></span> <span class='ocrx_word' id='word_1_111' title='bbox 1261 1688 1499 1747; x_wconf 88' lang='lat' dir='ltr'><strong>elucescit,</strong></span> <span class='ocrx_word' id='word_1_112' title='bbox 1545 1704 1631 1737; x_wconf 87' lang='lat' dir='ltr'><strong>cur</strong></span> 
     </span>
     <span class='ocr_line' id='line_1_23' title="bbox 210 1765 1629 1832; baseline 0 -18"><span class='ocrx_word' id='word_1_113' title='bbox 210 1766 588 1831; x_wconf 85' lang='lat' dir='ltr'>amphibrachyn</span> <span class='ocrx_word' id='word_1_114' title='bbox 606 1765 836 1830; x_wconf 83' lang='lat' dir='ltr'><strong>spondeo,</strong></span> <span class='ocrx_word' id='word_1_115' title='bbox 860 1766 1079 1829; x_wconf 86' lang='lat' dir='ltr'><strong>adeoque</strong></span> <span class='ocrx_word' id='word_1_116' title='bbox 1096 1765 1284 1832; x_wconf 84' lang='lat' dir='ltr'>dactylo</span> <span class='ocrx_word' id='word_1_117' title='bbox 1302 1772 1352 1813; x_wconf 89' lang='lat' dir='ltr'><strong>et</strong></span> <span class='ocrx_word' id='word_1_118' title='bbox 1367 1772 1629 1830; x_wconf 82' lang='lat' dir='ltr'><strong>anapaestO,</strong></span> 
     </span>
     <span class='ocr_line' id='line_1_24' title="bbox 210 1833 1630 1909; baseline 0.001 -19"><span class='ocrx_word' id='word_1_119' title='bbox 210 1843 389 1907; x_wconf 88' lang='lat' dir='ltr'><strong>pariter</strong></span> <span class='ocrx_word' id='word_1_120' title='bbox 410 1846 663 1892; x_wconf 82' lang='grc' dir='ltr'>αντιπαθειν</span> <span class='ocrx_word' id='word_1_121' title='bbox 683 1843 845 1902; x_wconf 75' lang='lat' dir='ltr'><strong>videre</strong></span> <span class='ocrx_word' id='word_1_122' title='bbox 868 1843 957 1901; x_wconf 88' lang='lat' dir='ltr'><strong>sit;</strong></span> <span class='ocrx_word' id='word_1_123' title='bbox 993 1844 1091 1892; x_wconf 90' lang='lat' dir='ltr'><strong>sive</strong></span> <span class='ocrx_word' id='word_1_124' title='bbox 1115 1860 1200 1892; x_wconf 93' lang='lat' dir='ltr'><strong>cur</strong></span> <span class='ocrx_word' id='word_1_125' title='bbox 1215 1861 1299 1909; x_wconf 87' lang='lat' dir='ltr'><strong>pes</strong></span> <span class='ocrx_word' id='word_1_126' title='bbox 1316 1844 1405 1892; x_wconf 90' lang='lat' dir='ltr'><strong>iste</strong></span> <span class='ocrx_word' id='word_1_127' title='bbox 1423 1838 1472 1892; x_wconf 86' lang='lat' dir='ltr'><strong>in</strong></span> <span class='ocrx_word' id='word_1_128' title='bbox 1491 1833 1630 1893; x_wconf 80' lang='lat' dir='ltr'><strong>versu</strong></span> 
     </span>
     <span class='ocr_line' id='line_1_25' title="bbox 149 1921 1632 1988; baseline 0.003 -21"><span class='ocrx_word' id='word_1_129' title='bbox 149 1935 155 1943; x_wconf 76' lang='lat'><strong><em>‘</em></strong></span> <span class='ocrx_word' id='word_1_130' title='bbox 214 1935 372 1983; x_wconf 90' lang='lat' dir='ltr'><strong>neque</strong></span> <span class='ocrx_word' id='word_1_131' title='bbox 414 1921 722 1985; x_wconf 88' lang='lat' dir='ltr'><strong>anapaestico,</strong></span> <span class='ocrx_word' id='word_1_132' title='bbox 778 1938 938 1985; x_wconf 89' lang='lat' dir='ltr'><strong>neque</strong></span> <span class='ocrx_word' id='word_1_133' title='bbox 982 1922 1239 1981; x_wconf 86' lang='lat' dir='ltr'><strong>trochaico,</strong></span> <span class='ocrx_word' id='word_1_134' title='bbox 1287 1939 1378 1970; x_wconf 90' lang='lat' dir='ltr'><strong>nec</strong></span> <span class='ocrx_word' id='word_1_135' title='bbox 1423 1924 1632 1988; x_wconf 89' lang='lat' dir='ltr'><strong>denique</strong></span> 
     </span>
     <span class='ocr_line' id='line_1_26' title="bbox 215 1998 1631 2066; baseline 0.002 -20"><span class='ocrx_word' id='word_1_136' title='bbox 215 1998 416 2047; x_wconf 90' lang='lat' dir='ltr'><strong>iambico</strong></span> <span class='ocrx_word' id='word_1_137' title='bbox 451 2000 786 2064; x_wconf 75' lang='lat' dir='ltr'><strong>conspiciatur.</strong></span> <span class='ocrx_word' id='word_1_138' title='bbox 845 2000 997 2066; x_wconf 89' lang='lat' dir='ltr'><strong>Cujus</strong></span> <span class='ocrx_word' id='word_1_139' title='bbox 1036 2007 1196 2048; x_wconf 89' lang='lat' dir='ltr'><strong>tamen</strong></span> <span class='ocrx_word' id='word_1_140' title='bbox 1237 2001 1307 2049; x_wconf 89' lang='lat' dir='ltr'><strong>rei</strong></span> <span class='ocrx_word' id='word_1_141' title='bbox 1342 2017 1439 2049; x_wconf 94' lang='lat' dir='ltr'><strong>non</strong></span> <span class='ocrx_word' id='word_1_142' title='bbox 1479 2002 1631 2050; x_wconf 91' lang='lat' dir='ltr'><strong>solum</strong></span> 
     </span>
     <span class='ocr_line' id='line_1_27' title="bbox 215 2077 1632 2143; baseline -0.001 -17"><span class='ocrx_word' id='word_1_143' title='bbox 215 2077 448 2127; x_wconf 91' lang='lat' dir='ltr'><strong>rationem</strong></span> <span class='ocrx_word' id='word_1_144' title='bbox 491 2094 522 2126; x_wconf 94' lang='lat' dir='ltr'><strong>a</strong></span> <span class='ocrx_word' id='word_1_145' title='bbox 566 2077 759 2126; x_wconf 86' lang='lat' dir='ltr'><strong>nemine</strong></span> <span class='ocrx_word' id='word_1_146' title='bbox 803 2083 1098 2143; x_wconf 84' lang='lat' dir='ltr'>occupatam,</span> <span class='ocrx_word' id='word_1_147' title='bbox 1158 2079 1242 2126; x_wconf 91' lang='lat' dir='ltr'><strong>sed</strong></span> <span class='ocrx_word' id='word_1_148' title='bbox 1286 2084 1334 2126; x_wconf 89' lang='lat' dir='ltr'><strong>et</strong></span> <span class='ocrx_word' id='word_1_149' title='bbox 1377 2094 1439 2126; x_wconf 87' lang='lat' dir='ltr'><strong>ne</strong></span> <span class='ocrx_word' id='word_1_150' title='bbox 1482 2078 1632 2142; x_wconf 87' lang='lat' dir='ltr'><strong>ipsam</strong></span> 
     </span>
     <span class='ocr_line' id='line_1_28' title="bbox 217 2154 1634 2219; baseline -0.001 -16"><span class='ocrx_word' id='word_1_151' title='bbox 217 2155 407 2219; x_wconf 91' lang='lat' dir='ltr'><strong>quidem</strong></span> <span class='ocrx_word' id='word_1_152' title='bbox 442 2171 542 2204; x_wconf 91' lang='lat' dir='ltr'><strong>rem</strong></span> <span class='ocrx_word' id='word_1_153' title='bbox 577 2154 876 2204; x_wconf 87' lang='lat' dir='ltr'><strong>observatam</strong></span> <span class='ocrx_word' id='word_1_154' title='bbox 912 2154 1119 2203; x_wconf 88' lang='lat' dir='ltr'><strong>memini.</strong></span> <span class='ocrx_word' id='word_1_155' title='bbox 1190 2155 1279 2203; x_wconf 89' lang='lat' dir='ltr'><strong>Est</strong></span> <span class='ocrx_word' id='word_1_156' title='bbox 1313 2155 1482 2219; x_wconf 84' lang='lat' dir='ltr'><strong>utique</strong></span> <span class='ocrx_word' id='word_1_157' title='bbox 1525 2155 1634 2203; x_wconf 92' lang='lat' dir='ltr'><strong>luce</strong></span> 
     </span>
     <span class='ocr_line' id='line_1_29' title="bbox 215 2222 1634 2298; baseline 0 -18"><span class='ocrx_word' id='word_1_158' title='bbox 215 2222 403 2290; x_wconf 89' lang='lat' dir='ltr'><strong>clarius,</strong></span> <span class='ocrx_word' id='word_1_159' title='bbox 427 2232 466 2279; x_wconf 88' lang='lat' dir='ltr'><strong>si</strong></span> <span class='ocrx_word' id='word_1_160' title='bbox 488 2238 636 2279; x_wconf 91' lang='lat' dir='ltr'><strong>totam</strong></span> <span class='ocrx_word' id='word_1_161' title='bbox 659 2233 836 2296; x_wconf 91' lang='lat' dir='ltr'><strong>pedum</strong></span> <span class='ocrx_word' id='word_1_162' title='bbox 860 2233 1175 2298; x_wconf 84' lang='lat' dir='ltr'><strong>quantitatem</strong></span> <span class='ocrx_word' id='word_1_163' title='bbox 1197 2239 1398 2296; x_wconf 77' lang='lat' dir='ltr'><strong>specteS‚</strong></span> <span class='ocrx_word' id='word_1_164' title='bbox 1422 2232 1634 2280; x_wconf 85' lang='lat' dir='ltr'><strong>trochaeo</strong></span> 
     </span>
     <span class='ocr_line' id='line_1_30' title="bbox 219 2308 1633 2374; baseline 0 -18"><span class='ocrx_word' id='word_1_165' title='bbox 219 2309 441 2367; x_wconf 89' lang='lat' dir='ltr'><strong>iambum,</strong></span> <span class='ocrx_word' id='word_1_166' title='bbox 497 2310 709 2373; x_wconf 88' lang='lat' dir='ltr'><strong>spondeo</strong></span> <span class='ocrx_word' id='word_1_167' title='bbox 772 2311 991 2374; x_wconf 89' lang='lat' dir='ltr'><strong>adeoque</strong></span> <span class='ocrx_word' id='word_1_168' title='bbox 1046 2308 1234 2373; x_wconf 88' lang='lat' dir='ltr'><strong>dactylo</strong></span> <span class='ocrx_word' id='word_1_169' title='bbox 1290 2309 1433 2373; x_wconf 88' lang='lat' dir='ltr'><strong>etiam</strong></span> <span class='ocrx_word' id='word_1_170' title='bbox 1488 2316 1633 2374; x_wconf 88' lang='lat' dir='ltr'><strong>atque</strong></span> 
     </span>
     <span class='ocr_line' id='line_1_31' title="bbox 218 2381 1294 2451; baseline -0.001 -18"><span class='ocrx_word' id='word_1_171' title='bbox 218 2391 464 2449; x_wconf 89' lang='lat' dir='ltr'><strong>anapaesto</strong></span> <span class='ocrx_word' id='word_1_172' title='bbox 485 2385 862 2451; x_wconf 90' lang='lat' dir='ltr'><strong>amphibrachyn</strong></span> <span class='ocrx_word' id='word_1_173' title='bbox 886 2401 990 2433; x_wconf 87' lang='lat' dir='ltr'><strong>esse</strong></span> <span class='ocrx_word' id='word_1_174' title='bbox 1012 2381 1294 2440; x_wconf 58' lang='lat' dir='ltr'><strong>wossvvauov„</strong></span> 
     </span>
    </p>

    <p class='ocr_par' dir='ltr' id='par_1_11' title="bbox 219 2461 1634 2844">
     <span class='ocr_line' id='line_1_32' title="bbox 285 2461 1633 2519; baseline -0.002 -8"><span class='ocrx_word' id='word_1_175' title='bbox 285 2463 564 2511; x_wconf 86' lang='lat' dir='ltr'><strong>Observatae</strong></span> <span class='ocrx_word' id='word_1_176' title='bbox 598 2484 675 2519; x_wconf 84' lang='grc' dir='ltr'><strong>της</strong></span> <span class='ocrx_word' id='word_1_177' title='bbox 706 2462 832 2513; x_wconf 87' lang='lat' dir='ltr'><strong>inter</strong></span> <span class='ocrx_word' id='word_1_178' title='bbox 869 2461 1080 2510; x_wconf 91' lang='lat' dir='ltr'><strong>iambum</strong></span> <span class='ocrx_word' id='word_1_179' title='bbox 1118 2467 1168 2508; x_wconf 85' lang='lat' dir='ltr'><strong>et</strong></span> <span class='ocrx_word' id='word_1_180' title='bbox 1212 2461 1474 2508; x_wconf 86' lang='lat' dir='ltr'><strong>trochaeum</strong></span> <span class='ocrx_word' id='word_1_181' title='bbox 1512 2483 1633 2509; x_wconf 84' lang='grc' dir='ltr'>αντι-</span> 
     </span>
     <span class='ocr_line' id='line_1_33' title="bbox 219 2529 1632 2605; baseline -0.001 -15"><span class='ocrx_word' id='word_1_182' title='bbox 219 2545 399 2593; x_wconf 80' lang='grc' dir='ltr'>παθειας</span> <span class='ocrx_word' id='word_1_183' title='bbox 453 2540 686 2588; x_wconf 88' lang='lat' dir='ltr'><strong>rationem</strong></span> <span class='ocrx_word' id='word_1_184' title='bbox 741 2542 998 2590; x_wconf 86' lang='lat' dir='ltr'><strong>tentavisse</strong></span> <span class='ocrx_word' id='word_1_185' title='bbox 1063 2529 1253 2605; x_wconf 85' lang='lat' dir='ltr'><strong>quidem</strong></span> <span class='ocrx_word' id='word_1_186' title='bbox 1317 2541 1400 2588; x_wconf 90' lang='lat' dir='ltr'><strong>sed</strong></span> <span class='ocrx_word' id='word_1_187' title='bbox 1465 2556 1632 2604; x_wconf 84' lang='lat' dir='ltr'><strong>parum</strong></span> 
     </span>
     <span class='ocr_line' id='line_1_34' title="bbox 221 2618 1632 2678; baseline -0.001 -11"><span class='ocrx_word' id='word_1_188' title='bbox 221 2626 487 2668; x_wconf 85' lang='lat' dir='ltr'><strong>assecutum</strong></span> <span class='ocrx_word' id='word_1_189' title='bbox 527 2634 631 2666; x_wconf 86' lang='lat' dir='ltr'><strong>esse</strong></span> <span class='ocrx_word' id='word_1_190' title='bbox 668 2618 821 2678; x_wconf 84' lang='lat' dir='ltr'><strong>video,</strong></span> <span class='ocrx_word' id='word_1_191' title='bbox 868 2619 1068 2667; x_wconf 91' lang='lat' dir='ltr'><strong>multum</strong></span> <span class='ocrx_word' id='word_1_192' title='bbox 1103 2619 1214 2667; x_wconf 89' lang='lat' dir='ltr'><strong>licet</strong></span> <span class='ocrx_word' id='word_1_193' title='bbox 1245 2619 1295 2666; x_wconf 90' lang='lat' dir='ltr'><strong>in</strong></span> <span class='ocrx_word' id='word_1_194' title='bbox 1332 2634 1384 2666; x_wconf 90' lang='lat' dir='ltr'><strong>re</strong></span> <span class='ocrx_word' id='word_1_195' title='bbox 1421 2619 1632 2676; x_wconf 88' lang='lat' dir='ltr'><strong>metrica,</strong></span> 
     </span>
     <span class='ocr_line' id='line_1_35' title="bbox 222 2693 1633 2762; baseline 0 -18"><span class='ocrx_word' id='word_1_196' title='bbox 222 2694 256 2744; x_wconf 83' lang='lat' dir='ltr'>J</span> <span class='ocrx_word' id='word_1_197' title='bbox 260 2693 481 2744; x_wconf 90' lang='lat' dir='ltr'><strong>oannem&#39;</strong></span> <span class='ocrx_word' id='word_1_198' title='bbox 507 2695 653 2762; x_wconf 90' lang='lat' dir='ltr'><strong>King,</strong></span> <span class='ocrx_word' id='word_1_199' title='bbox 708 2697 973 2746; x_wconf 89' lang='lat' dir='ltr'><strong>dramatum</strong></span> <span class='ocrx_word' id='word_1_200' title='bbox 1027 2697 1209 2761; x_wconf 91' lang='lat' dir='ltr'><strong>aliquot</strong></span> <span class='ocrx_word' id='word_1_201' title='bbox 1264 2696 1633 2761; x_wconf 89' lang='lat' dir='ltr'><strong>Euripideorum</strong></span> 
     </span>
     <span class='ocr_line' id='line_1_36' title="bbox 225 2770 1634 2844; baseline 0 -24"><span class='ocrx_word' id='word_1_202' title='bbox 225 2770 465 2822; x_wconf 86' lang='lat' dir='ltr'><strong>editorem.</strong></span> <span class='ocrx_word' id='word_1_203' title='bbox 524 2777 556 2797; x_wconf 87' lang='lat'><em>“</em></span> <span class='ocrx_word' id='word_1_204' title='bbox 574 2771 738 2831; x_wconf 82' lang='lat' dir='ltr'><strong>Quaeri</strong></span> <span class='ocrx_word' id='word_1_205' title='bbox 771 2772 970 2844; x_wconf 73' lang='lat' dir='ltr'><strong>(inquit)</strong></span> <span class='ocrx_word' id='word_1_206' title='bbox 1006 2772 1205 2821; x_wconf 86' lang='lat' dir='ltr'><strong>forsitan</strong></span> <span class='ocrx_word' id='word_1_207' title='bbox 1237 2779 1409 2836; x_wconf 82' lang='lat' dir='ltr'><strong>potest,</strong></span> <span class='ocrx_word' id='word_1_208' title='bbox 1444 2788 1550 2821; x_wconf 90' lang='lat' dir='ltr'><strong>cum</strong></span> <span class='ocrx_word' id='word_1_209' title='bbox 1581 2771 1634 2820; x_wconf 86' lang='lat' dir='ltr'><strong>in</strong></span> 
     </span>
    </p>
   </div>
   <div class='ocr_carea' id='block_1_11' title="bbox 463 2879 1388 2932">
    <p class='ocr_par' dir='ltr' id='par_1_12' title="bbox 463 2879 1388 2932">
     <span class='ocr_line' id='line_1_37' title="bbox 463 2879 1388 2932; baseline -0.001 -13"><span class='ocrx_word' id='word_1_210' title='bbox 463 2885 484 2919; x_wconf 83' lang='lat'>†</span> <span class='ocrx_word' id='word_1_211' title='bbox 504 2882 627 2922; x_wconf 84' lang='lat' dir='ltr'><strong>Schol.</strong></span> <span class='ocrx_word' id='word_1_212' title='bbox 646 2883 691 2920; x_wconf 87' lang='lat' dir='ltr'><strong>ad</strong></span> <span class='ocrx_word' id='word_1_213' title='bbox 712 2882 906 2932; x_wconf 76' lang='lat' dir='ltr'><strong>Hephaest.</strong></span> <span class='ocrx_word' id='word_1_214' title='bbox 936 2896 970 2932; x_wconf 85' lang='lat' dir='ltr'><strong>p.</strong></span> <span class='ocrx_word' id='word_1_215' title='bbox 990 2885 1092 2922; x_wconf 72' lang='lat'><strong>45:</strong></span> <span class='ocrx_word' id='word_1_216' title='bbox 1107 2885 1132 2924; x_wconf 85' lang='lat'><strong>&#39;7</strong></span> <span class='ocrx_word' id='word_1_217' title='bbox 1134 2879 1172 2919; x_wconf 85' lang='lat'><strong>6.</strong></span> <span class='ocrx_word' id='word_1_218' title='bbox 1203 2879 1388 2919; x_wconf 85' lang='lat' dir='ltr'><strong>Gaisford.</strong></span> 
     </span>
    </p>
   </div>
  </div>
 </body>
</html>
