1864 3132
826 205 926 256 105

176 316 437 366 trochaeum
465 316 743 365 mmoemv
774 313 926 374 nihilo
959 312 1111 381 magis
1143 310 1404 379 attingunt,
1438 306 1586 375 quam

179 393 356 452 fabula,
381 393 508 457 quod
527 391 678 450 aiunt,
712 390 772 438 de
793 389 950 438 Remo
971 396 1021 438 et
1050 388 1272 444 Romulo.
1338 386 1451 437 Nec
1469 401 1588 442 vero

176 471 216 518 si
238 471 314 519 vel
345 487 431 535 per
463 485 514 517 se
548 474 805 533 spectetur,
827 487 830 490 ·
850 473 982 516 recte
1017 475 1071 516 se
1108 467 1256 517 habet
1290 466 1381 516 viri
1414 465 1590 515 eruditi

177 544 544 612 argumentatio.
637 543 802 593 Facile
843 543 972 592 enim
992 584 995 591 «
1013 543 1077 591 ab
1123 542 1329 592 invicem
1372 539 1593 606 dignosci

177 624 446 690 potuissent
477 637 642 672 versus
672 621 905 670 iambicus
938 611 990 669 et
1021 612 1304 678 trochaicus,
1344 619 1383 666 si
1414 617 1493 667 vel
1512 615 1597 665 hic.

175 703 374 761 iambOS‚
398 702 474 751 vel
491 702 570 750 ille
588 702 823 750 trochaeos
845 699 1137 749 exclusisset.
1188 698 1461 762 Utrumque
1479 711 1597 752 vero

179 780 242 827 ad
264 780 571 838 commodum*
595 780 709 827 satis
738 778 992 826 discrimen
1015 776 1294 842 neutiquam
1315 775 1407 822 fuit
1428 789 1595 822 neces-

179 855 369 903 sarium.
440 854 588 909 Eccui
628 854 756 906 enim
800 853 1000 907 obsecro
1043 861 1142 901 non
1185 853 1235 901 in
1279 849 1479 916 proclivi
1522 853 1597 898 est

180 931 307 979 inter
327 948 515 981 versum
538 932 838 997 dactylicum,
873 930 1137 998 cujusmodi
1171 937 1244 979 est
1275 928 1512 986 heroicuS,
1546 932 1597 976 et

180 1009 520 1072 anapaesticum
543 1006 859 1074 dignoscere?
926 1008 1075 1073 Atqui
1096 1022 1259 1056 versus
1281 1004 1596 1070 anapaesticus

178 1085 418 1150 dactylum
442 1086 722 1150 neutiquam
746 1085 970 1134 excludit.

248 1164 599 1214 Terentianum
622 1182 667 1229 p.
687 1177 757 1214 84.
794 1181 856 1212 ex
879 1162 1212 1211 emendatione
1229 1169 1391 1211 nostra
1407 1162 1477 1226 [p.
1497 1158 1597 1224 21]

181 1244 251 1293 sic
273 1245 595 1308 disputantem
617 1244 908 1308 reperimus:

255 1333 420 1392 Quid?
451 1351 550 1382 non
573 1333 815 1381 trochaeus
837 1337 1106 1393 temporum
1125 1337 1198 1379 est
1218 1346 1353 1397 neque
1374 1329 1524 1378 trium
1542 1327 1568 1376 ?

253 1407 347 1457 Est
361 1427 376 1456 .-
413 1411 498 1457 sed
519 1410 727 1457 trochaeo
747 1409 900 1471 longa
916 1407 1057 1470 prior
1078 1414 1151 1455 est
1170 1407 1380 1472 syllaba,

253 1485 428 1534 Brevis
446 1493 611 1534 autem
626 1484 786 1533 iambo
801 1504 823 1541 ;
860 1484 1012 1549 longa
1023 1491 1163 1548 post:
1200 1485 1282 1533 cui
1297 1501 1396 1533 non
1411 1487 1569 1547 potest

253 1560 482 1626 Longam
505 1561 746 1610 trochaeus
763 1559 970 1609 subdere
991 1566 1038 1608 et
1055 1559 1247 1608 brevem
1267 1575 1403 1619 suae,

253 1637 407 1686 Brevi
426 1644 655 1704 sequente
667 1657 689 1694 ,·
726 1637 920 1703 quiaffl
940 1636 1029 1685 Ιιοο
1052 1635 1281 1686 ionicum.

254 1714 339 1763 En
361 1732 451 1763 cur
473 1713 633 1763 iambo
654 1730 755 1763 uon
776 1712 1020 1762 trochceus
1041 1712 1239 1780 serviat.

186 1805 305 1855 Esto
327 1821 440 1853 vero
474 1805 714 1853 ionicum:
763 1803 880 1868 quid
912 1809 1015 1851 tum
1048 1800 1248 1867 postea?
1316 1801 1369 1850 Si
1392 1801 1606 1850 iti-versu

188 1884 479 1948 anapaestico
533 1884 609 1932 vel
664 1883 876 1947 spondeo
929 1882 1007 1930 vel
1066 1887 1312 1946 anapaesto
1367 1881 1606 1947 dactylum

191 1962 469 2028 subjungas,
506 1961 715 2009 ionicum
748 1959 913 2008 itidem
948 1981 1039 2006 απο
1075 1959 1292 2024 μειζονος;
1342 1959 1382 2006 si
1420 1957 1608 2023 dactylo

192 2042 221 2070 *
237 2041 518 2104 spondeum,
541 2038 752 2086 ionicum
769 2059 835 2085 απ
851 2044 1086 2088 ελασσονος
1109 2034 1321 2084 habebis.
1358 2035 1608 2084 Idcircone
1642 2026 1707 2076 66

190 2136 306 2168 vero
327 2118 401 2167 vel
424 2116 640 2182 dactylus
660 2116 738 2165 vel
769 2115 1009 2179 spondeus
1042 2130 1103 2163 ex
1134 2121 1286 2162 metro
1319 2112 1609 2177 anapaestico

193 2197 286 2244 erit
327 2192 692 2243 excludendus?
780 2193 934 2243 Immo
990 2193 1134 2241 etiam
1194 2193 1246 2240 in
1302 2193 1406 2257 ipso
1452 2206 1609 2240 *versu

193 2271 398 2318 iambico
447 2271 664 2335 legitime
707 2270 839 2318 venit
877 2269 1128 2334 utriusque
1170 2268 1366 2334 generis
1409 2267 1605 2316 ionicus

198 2348 413 2397 Alterum
457 2349 624 2411 utique
664 2346 827 2396 videre
882 2354 970 2406 est,
1027 2347 1213 2412 quoties
1269 2346 1346 2394 vel
1398 2346 1610 2394 iambum

196 2425 428 2491 dactylus,
461 2424 538 2472 vel
570 2416 832 2487 spondeum
866 2422 1164 2487 tribmchys3
1200 2421 1401 2470 alterum
1425 2421 1612 2488 quoties

198 2503 473 2568 tribrachyn
499 2501 575 2563 (ut
591 2500 709 2547 alios
727 2515 863 2548 casus
881 2501 1116 2563 omittam)
1136 2499 1373 2564 spondeus
1391 2497 1608 2563 excipiat.

332 2598 505 2642 Δουλον
525 2592 733 2653 venio-3&
751 2595 1136 2655 πᾶρᾶφρονουντος
1157 2588 1424 2637 Remum-005⁸

333 2676 527 2736 Κρατειν
550 2670 574 2716 ὁ
598 2665 754 2723 <immane
773 2668 891 2716 ἅλλᾶ
913 2673 996 2717 τόν
1017 2667 1297 2725 εωνημενον.53

333 2751 524 2813 Κρατειιι
545 2747 569 2795 ὁ
593 2742 745 2804 δαιμων
766 2753 886 2793 ἀλλα
909 2753 989 2794 τόν
1009 2752 1251 2803 ἔῶνῆμείνον.

710 2859 772 2893 53.
797 2838 897 2893 ‘Plus
916 2860 952 2894 2.
971 2837 1009 2899 ’7.
