<?xml version="1.0" encoding="UTF-8"?>
<!DOCTYPE html PUBLIC "-//W3C//DTD XHTML 1.0 Transitional//EN"
    "http://www.w3.org/TR/xhtml1/DTD/xhtml1-transitional.dtd">
<html xmlns="http://www.w3.org/1999/xhtml" xml:lang="en" lang="en">
 <head>
  <title>
</title>
<meta http-equiv="Content-Type" content="text/html;charset=utf-8" />
  <meta name='ocr-system' content='tesseract 3.04.00' />
  <meta name='ocr-capabilities' content='ocr_page ocr_carea ocr_par ocr_line ocrx_word'/>
</head>
<body>
  <div class='ocr_page' id='page_1' title='image "./miscellaneacriti00daweuoft_0197.png"; bbox 0 0 1864 3132; ppageno 0'>
   <div class='ocr_carea' id='block_1_1' title="bbox 850 222 948 271">
    <p class='ocr_par' dir='ltr' id='par_1_1' title="bbox 850 222 948 271">
     <span class='ocr_line' id='line_1_1' title="bbox 850 222 948 271; baseline 0.01 -1"><span class='ocrx_word' id='word_1_1' title='bbox 850 222 948 271; x_wconf 83' lang='lat'>125</span> 
     </span>
    </p>
   </div>
   <div class='ocr_carea' id='block_1_2' title="bbox 174 325 1627 1618">
    <p class='ocr_par' dir='ltr' id='par_1_2' title="bbox 174 325 1627 1618">
     <span class='ocr_line' id='line_1_2' title="bbox 179 325 1605 392; baseline -0.002 -16"><span class='ocrx_word' id='word_1_2' title='bbox 179 341 441 386; x_wconf 75' lang='lat' dir='ltr'>versamur,</span> <span class='ocrx_word' id='word_1_3' title='bbox 471 326 629 375; x_wconf 87' lang='lat' dir='ltr'>locum</span> <span class='ocrx_word' id='word_1_4' title='bbox 659 331 889 390; x_wconf 79' lang='lat' dir='ltr'><strong>tanquam</strong></span> <span class='ocrx_word' id='word_1_5' title='bbox 920 327 1079 376; x_wconf 80' lang='lat' dir='ltr'>simile</span> <span class='ocrx_word' id='word_1_6' title='bbox 1094 325 1368 392; x_wconf 78' lang='lat' dir='ltr'>exemplum</span> <span class='ocrx_word' id='word_1_7' title='bbox 1395 325 1605 377; x_wconf 79' lang='lat' dir='ltr'><strong>adducit.</strong></span> 
     </span>
     <span class='ocr_line' id='line_1_3' title="bbox 177 401 1610 468; baseline -0.002 -16"><span class='ocrx_word' id='word_1_8' title='bbox 177 403 314 452; x_wconf 84' lang='lat' dir='ltr'><strong>Alter</strong></span> <span class='ocrx_word' id='word_1_9' title='bbox 347 410 509 453; x_wconf 82' lang='lat' dir='ltr'>autem</span> <span class='ocrx_word' id='word_1_10' title='bbox 542 402 678 452; x_wconf 83' lang='lat' dir='ltr'>locus</span> <span class='ocrx_word' id='word_1_11' title='bbox 709 403 762 450; x_wconf 89' lang='lat' dir='ltr'>in</span> <span class='ocrx_word' id='word_1_12' title='bbox 797 418 895 468; x_wconf 91' lang='lat' dir='ltr'>quo</span> <span class='ocrx_word' id='word_1_13' title='bbox 929 410 1061 452; x_wconf 84' lang='lat' dir='ltr'><strong>extat</strong></span> <span class='ocrx_word' id='word_1_14' title='bbox 1095 405 1433 468; x_wconf 68' lang='grc' dir='ltr'>συναγειρεσθαι</span> <span class='ocrx_word' id='word_1_15' title='bbox 1452 418 1484 451; x_wconf 77' lang='lat' dir='ltr'><strong>a</strong></span> <span class='ocrx_word' id='word_1_16' title='bbox 1503 401 1610 450; x_wconf 87' lang='lat' dir='ltr'>viro</span> 
     </span>
     <span class='ocr_line' id='line_1_4' title="bbox 177 479 1610 544; baseline -0.003 -16"><span class='ocrx_word' id='word_1_17' title='bbox 177 481 368 528; x_wconf 61' lang='lat' dir='ltr'>doctiss„</span> <span class='ocrx_word' id='word_1_18' title='bbox 393 480 461 528; x_wconf 88' lang='lat' dir='ltr'>sic</span> <span class='ocrx_word' id='word_1_19' title='bbox 488 486 895 544; x_wconf 84' lang='lat' dir='ltr'>repraesentatur:</span> <span class='ocrx_word' id='word_1_20' title='bbox 946 479 1124 544; x_wconf 80' lang='grc' dir='ltr'>νομιζων</span> <span class='ocrx_word' id='word_1_21' title='bbox 1151 481 1241 542; x_wconf 82' lang='grc' dir='ltr'>ὁσῳ</span> <span class='ocrx_word' id='word_1_22' title='bbox 1267 502 1343 537; x_wconf 83' lang='grc' dir='ltr'>μεν</span> <span class='ocrx_word' id='word_1_23' title='bbox 1365 496 1418 528; x_wconf 75' lang='grc' dir='ltr'>αν</span> <span class='ocrx_word' id='word_1_24' title='bbox 1439 482 1610 527; x_wconf 61' lang='lat' dir='ltr'><em>Ham-ov</em></span> 
     </span>
     <span class='ocr_line' id='line_1_5' title="bbox 174 559 1608 622; baseline -0.001 -17"><span class='ocrx_word' id='word_1_25' title='bbox 174 561 313 615; x_wconf 75' lang='grc' dir='ltr'><strong><em>ελθοι,</em></strong></span> <span class='ocrx_word' id='word_1_26' title='bbox 358 578 563 619; x_wconf 79' lang='grc' dir='ltr'>τοσουτῳ</span> <span class='ocrx_word' id='word_1_27' title='bbox 605 579 1098 622; x_wconf 73' lang='grc' dir='ltr'>απαρασκευαστοτερῳ</span> <span class='ocrx_word' id='word_1_28' title='bbox 1135 559 1317 618; x_wconf 82' lang='grc' dir='ltr'>βασιλει</span> <span class='ocrx_word' id='word_1_29' title='bbox 1339 559 1608 622; x_wconf 63' lang='grc' dir='ltr'>-μαχεισθαν</span> 
     </span>
     <span class='ocr_line' id='line_1_6' title="bbox 174 630 1610 699; baseline -0.003 -15"><span class='ocrx_word' id='word_1_30' title='bbox 174 635 266 696; x_wconf 75' lang='grc' dir='ltr'>ὅσῳ</span> <span class='ocrx_word' id='word_1_31' title='bbox 300 630 348 682; x_wconf 71' lang='grc' dir='ltr'>δε</span> <span class='ocrx_word' id='word_1_32' title='bbox 376 641 719 699; x_wconf 72' lang='grc' dir='ltr'>σχολαιοτερον,</span> <span class='ocrx_word' id='word_1_33' title='bbox 755 655 960 696; x_wconf 80' lang='grc' dir='ltr'>τοσουτῳ</span> <span class='ocrx_word' id='word_1_34' title='bbox 988 640 1125 681; x_wconf 83' lang='grc' dir='ltr'>πλεον</span> <span class='ocrx_word' id='word_1_35' title='bbox 1146 634 1330 693; x_wconf 83' lang='grc' dir='ltr'>βασιλει</span> <span class='ocrx_word' id='word_1_36' title='bbox 1352 652 1610 697; x_wconf 70' lang='grc' dir='ltr'>συναγειρε·</span> 
     </span>
     <span class='ocr_line' id='line_1_7' title="bbox 174 708 1613 777; baseline -0.003 -16"><span class='ocrx_word' id='word_1_37' title='bbox 174 715 280 761; x_wconf 84' lang='grc' dir='ltr'>σθαι</span> <span class='ocrx_word' id='word_1_38' title='bbox 296 734 571 777; x_wconf 63' lang='lat' dir='ltr'>erpa-muna.</span> <span class='ocrx_word' id='word_1_39' title='bbox 619 711 891 777; x_wconf 87' lang='lat' dir='ltr'>Equidem†</span> <span class='ocrx_word' id='word_1_40' title='bbox 913 709 1054 759; x_wconf 89' lang='lat' dir='ltr'>nimis</span> <span class='ocrx_word' id='word_1_41' title='bbox 1072 716 1258 758; x_wconf 87' lang='lat' dir='ltr'>certum</span> <span class='ocrx_word' id='word_1_42' title='bbox 1282 716 1369 768; x_wconf 87' lang='lat' dir='ltr'>est,</span> <span class='ocrx_word' id='word_1_43' title='bbox 1394 709 1445 757; x_wconf 88' lang='lat' dir='ltr'>ni</span> <span class='ocrx_word' id='word_1_44' title='bbox 1460 708 1613 757; x_wconf 77' lang='lat' dir='ltr'>verbo·</span> 
     </span>
     <span class='ocr_line' id='line_1_8' title="bbox 178 783 1611 853; baseline -0.003 -17"><span class='ocrx_word' id='word_1_45' title='bbox 178 787 521 853; x_wconf 64' lang='grc' dir='ltr'>σὺναγειρεσθαι</span> <span class='ocrx_word' id='word_1_46' title='bbox 544 786 777 851; x_wconf 76' lang='lat' dir='ltr'>temporis</span> <span class='ocrx_word' id='word_1_47' title='bbox 799 786 952 835; x_wconf 88' lang='lat' dir='ltr'>futuri</span> <span class='ocrx_word' id='word_1_48' title='bbox 975 785 1110 835; x_wconf 88' lang='lat' dir='ltr'>notio</span> <span class='ocrx_word' id='word_1_49' title='bbox 1133 786 1388 844; x_wconf 87' lang='lat' dir='ltr'><strong>tribuatur,</strong></span> <span class='ocrx_word' id='word_1_50' title='bbox 1431 783 1611 832; x_wconf 87' lang='lat' dir='ltr'>nullam</span> 
     </span>
     <span class='ocr_line' id='line_1_9' title="bbox 176 861 1614 928; baseline -0.001 -16"><span class='ocrx_word' id='word_1_51' title='bbox 176 880 238 912; x_wconf 87' lang='lat' dir='ltr'>ex</span> <span class='ocrx_word' id='word_1_52' title='bbox 280 864 391 918; x_wconf 86' lang='lat' dir='ltr'>loco</span> <span class='ocrx_word' id='word_1_53' title='bbox 436 864 504 912; x_wconf 88' lang='lat' dir='ltr'>sic</span> <span class='ocrx_word' id='word_1_54' title='bbox 549 865 728 928; x_wconf 87' lang='lat' dir='ltr'>scripto</span> <span class='ocrx_word' id='word_1_55' title='bbox 766 864 936 913; x_wconf 82' lang='lat' dir='ltr'>haberi</span> <span class='ocrx_word' id='word_1_56' title='bbox 975 879 1120 928; x_wconf 88' lang='lat' dir='ltr'>posse</span> <span class='ocrx_word' id='word_1_57' title='bbox 1159 864 1464 912; x_wconf 87' lang='lat' dir='ltr'>sententiam.</span> <span class='ocrx_word' id='word_1_58' title='bbox 1547 861 1614 911; x_wconf 82' lang='lat' dir='ltr'>At</span> 
     </span>
     <span class='ocr_line' id='line_1_10' title="bbox 180 938 1611 1003; baseline -0.002 -15"><span class='ocrx_word' id='word_1_59' title='bbox 180 940 310 989; x_wconf 86' lang='lat' dir='ltr'>enim</span> <span class='ocrx_word' id='word_1_60' title='bbox 335 945 584 1003; x_wconf 87' lang='lat' dir='ltr'>utcunque</span> <span class='ocrx_word' id='word_1_61' title='bbox 607 939 892 1003; x_wconf 82' lang='lat' dir='ltr'>frequenter</span> <span class='ocrx_word' id='word_1_62' title='bbox 914 940 1007 988; x_wconf 89' lang='lat' dir='ltr'>hoc</span> <span class='ocrx_word' id='word_1_63' title='bbox 1027 939 1133 988; x_wconf 89' lang='lat' dir='ltr'>fieri</span> <span class='ocrx_word' id='word_1_64' title='bbox 1159 940 1288 988; x_wconf 87' lang='lat' dir='ltr'>dicat</span> <span class='ocrx_word' id='word_1_65' title='bbox 1308 939 1382 988; x_wconf 86' lang='lat' dir='ltr'>vir</span> <span class='ocrx_word' id='word_1_66' title='bbox 1403 938 1611 995; x_wconf 68' lang='lat' dir='ltr'>doctiss„</span> 
     </span>
     <span class='ocr_line' id='line_1_11' title="bbox 178 1013 1627 1065; baseline -0.003 -1"><span class='ocrx_word' id='word_1_67' title='bbox 178 1017 386 1064; x_wconf 84' lang='lat' dir='ltr'>adducat</span> <span class='ocrx_word' id='word_1_68' title='bbox 425 1023 588 1064; x_wconf 74' lang='lat' dir='ltr'><strong>tamen</strong></span> <span class='ocrx_word' id='word_1_69' title='bbox 626 1015 703 1064; x_wconf 84' lang='lat' dir='ltr'>vel</span> <span class='ocrx_word' id='word_1_70' title='bbox 745 1032 894 1064; x_wconf 88' lang='lat' dir='ltr'>unum</span> <span class='ocrx_word' id='word_1_71' title='bbox 939 1016 1094 1064; x_wconf 86' lang='lat' dir='ltr'>simile</span> <span class='ocrx_word' id='word_1_72' title='bbox 1133 1033 1195 1065; x_wconf 85' lang='lat' dir='ltr'>ex</span> <span class='ocrx_word' id='word_1_73' title='bbox 1234 1016 1400 1064; x_wconf 83' lang='lat' dir='ltr'>Poetis</span> <span class='ocrx_word' id='word_1_74' title='bbox 1441 1013 1627 1063; x_wconf 19' lang='lat' dir='ltr'>Atticis*</span> 
     </span>
     <span class='ocr_line' id='line_1_12' title="bbox 180 1092 1615 1158; baseline -0.001 -17"><span class='ocrx_word' id='word_1_75' title='bbox 180 1092 464 1146; x_wconf 85' lang='lat' dir='ltr'>indubitatae</span> <span class='ocrx_word' id='word_1_76' title='bbox 512 1092 623 1140; x_wconf 86' lang='lat' dir='ltr'>fidei</span> <span class='ocrx_word' id='word_1_77' title='bbox 671 1093 964 1157; x_wconf 83' lang='lat' dir='ltr'>exemplum,</span> <span class='ocrx_word' id='word_1_78' title='bbox 1017 1099 1067 1142; x_wconf 86' lang='lat' dir='ltr'>et</span> <span class='ocrx_word' id='word_1_79' title='bbox 1111 1094 1203 1141; x_wconf 88' lang='lat' dir='ltr'>erit</span> <span class='ocrx_word' id='word_1_80' title='bbox 1247 1093 1363 1140; x_wconf 90' lang='lat' dir='ltr'>mihi</span> <span class='ocrx_word' id='word_1_81' title='bbox 1407 1107 1615 1158; x_wconf 84' lang='lat' dir='ltr'>magnus</span> 
     </span>
     <span class='ocr_line' id='line_1_13' title="bbox 182 1169 1615 1234; baseline -0.002 -15"><span class='ocrx_word' id='word_1_82' title='bbox 182 1169 420 1234; x_wconf 75' lang='lat' dir='ltr'>Apollo¹⁸.</span> <span class='ocrx_word' id='word_1_83' title='bbox 486 1169 562 1218; x_wconf 85' lang='lat' dir='ltr'>Ex</span> <span class='ocrx_word' id='word_1_84' title='bbox 585 1169 751 1218; x_wconf 84' lang='lat' dir='ltr'>Poetis</span> <span class='ocrx_word' id='word_1_85' title='bbox 772 1171 909 1219; x_wconf 88' lang='lat' dir='ltr'>dico:</span> <span class='ocrx_word' id='word_1_86' title='bbox 948 1186 1109 1234; x_wconf 87' lang='lat' dir='ltr'>neque</span> <span class='ocrx_word' id='word_1_87' title='bbox 1134 1171 1261 1220; x_wconf 89' lang='lat' dir='ltr'>enim</span> <span class='ocrx_word' id='word_1_88' title='bbox 1287 1170 1487 1229; x_wconf 80' lang='lat' dir='ltr'>mendiS,</span> <span class='ocrx_word' id='word_1_89' title='bbox 1512 1169 1615 1234; x_wconf 88' lang='lat' dir='ltr'>qui-</span> 
     </span>
     <span class='ocr_line' id='line_1_14' title="bbox 177 1246 1615 1312; baseline -0.001 -18"><span class='ocrx_word' id='word_1_90' title='bbox 177 1247 270 1295; x_wconf 88' lang='lat' dir='ltr'>bus</span> <span class='ocrx_word' id='word_1_91' title='bbox 305 1247 511 1312; x_wconf 85' lang='lat' dir='ltr'>singulae</span> <span class='ocrx_word' id='word_1_92' title='bbox 545 1247 845 1312; x_wconf 86' lang='lat' dir='ltr'>singulorum</span> <span class='ocrx_word' id='word_1_93' title='bbox 882 1249 1121 1311; x_wconf 81' lang='lat' dir='ltr'>pedestris</span> <span class='ocrx_word' id='word_1_94' title='bbox 1155 1248 1386 1296; x_wconf 85' lang='lat' dir='ltr'>orationis</span> <span class='ocrx_word' id='word_1_95' title='bbox 1413 1246 1615 1312; x_wconf 88' lang='lat' dir='ltr'>scripto-</span> 
     </span>
     <span class='ocr_line' id='line_1_15' title="bbox 178 1323 1615 1388; baseline 0.001 -20"><span class='ocrx_word' id='word_1_96' title='bbox 178 1324 285 1368; x_wconf 87' lang='lat' dir='ltr'>rum</span> <span class='ocrx_word' id='word_1_97' title='bbox 318 1323 513 1388; x_wconf 83' lang='lat' dir='ltr'>paginae</span> <span class='ocrx_word' id='word_1_98' title='bbox 548 1329 750 1380; x_wconf 84' lang='lat' dir='ltr'><strong>scatent,</strong></span> <span class='ocrx_word' id='word_1_99' title='bbox 791 1329 841 1370; x_wconf 86' lang='lat' dir='ltr'>et</span> <span class='ocrx_word' id='word_1_100' title='bbox 875 1330 1132 1387; x_wconf 85' lang='lat' dir='ltr'>perpetuo,</span> <span class='ocrx_word' id='word_1_101' title='bbox 1174 1324 1224 1372; x_wconf 90' lang='lat' dir='ltr'>ni</span> <span class='ocrx_word' id='word_1_102' title='bbox 1259 1325 1321 1380; x_wconf 69' lang='lat' dir='ltr'>ad</span> <span class='ocrx_word' id='word_1_103' title='bbox 1353 1323 1615 1372; x_wconf 83' lang='lat' dir='ltr'>Poetarum</span> 
     </span>
     <span class='ocr_line' id='line_1_16' title="bbox 180 1399 1616 1465; baseline 0.001 -21"><span class='ocrx_word' id='word_1_104' title='bbox 180 1413 468 1455; x_wconf 86' lang='lat' dir='ltr'>sermonem,</span> <span class='ocrx_word' id='word_1_105' title='bbox 494 1405 676 1445; x_wconf 77' lang='lat' dir='ltr'><strong>certam</strong></span> <span class='ocrx_word' id='word_1_106' title='bbox 698 1399 827 1446; x_wconf 85' lang='lat' dir='ltr'>illam</span> <span class='ocrx_word' id='word_1_107' title='bbox 852 1415 1070 1447; x_wconf 86' lang='lat' dir='ltr'><strong>normam</strong></span> <span class='ocrx_word' id='word_1_108' title='bbox 1085 1401 1138 1458; x_wconf 81' lang='lat'>¹⁹,</span> <span class='ocrx_word' id='word_1_109' title='bbox 1164 1401 1439 1465; x_wconf 85' lang='lat' dir='ltr'>exigantur,</span> <span class='ocrx_word' id='word_1_110' title='bbox 1462 1405 1616 1446; x_wconf 78' lang='lat' dir='ltr'>scate-</span> 
     </span>
     <span class='ocr_line' id='line_1_17' title="bbox 179 1474 1615 1538; baseline -0.001 -16"><span class='ocrx_word' id='word_1_111' title='bbox 179 1475 338 1532; x_wconf 81' lang='lat' dir='ltr'>bunt3</span> <span class='ocrx_word' id='word_1_112' title='bbox 387 1474 720 1538; x_wconf 84' lang='lat' dir='ltr'>exemplorum</span> <span class='ocrx_word' id='word_1_113' title='bbox 754 1475 980 1522; x_wconf 83' lang='lat' dir='ltr'>virtutem</span> <span class='ocrx_word' id='word_1_114' title='bbox 1015 1476 1321 1523; x_wconf 85' lang='lat' dir='ltr'>tribuendam</span> <span class='ocrx_word' id='word_1_115' title='bbox 1353 1491 1457 1522; x_wconf 87' lang='lat' dir='ltr'>esse</span> <span class='ocrx_word' id='word_1_116' title='bbox 1487 1490 1615 1522; x_wconf 88' lang='lat' dir='ltr'>com-</span> 
     </span>
     <span class='ocr_line' id='line_1_18' title="bbox 183 1551 1617 1618; baseline -0.001 -18"><span class='ocrx_word' id='word_1_117' title='bbox 183 1553 351 1600; x_wconf 86' lang='lat' dir='ltr'>modus</span> <span class='ocrx_word' id='word_1_118' title='bbox 390 1567 448 1599; x_wconf 81' lang='lat' dir='ltr'>ac</span> <span class='ocrx_word' id='word_1_119' title='bbox 483 1551 673 1616; x_wconf 82' lang='lat' dir='ltr'>patiens</span> <span class='ocrx_word' id='word_1_120' title='bbox 708 1568 984 1618; x_wconf 81' lang='lat' dir='ltr'>agnoscam.</span> <span class='ocrx_word' id='word_1_121' title='bbox 1055 1551 1195 1600; x_wconf 82' lang='lat' dir='ltr'>Num</span> <span class='ocrx_word' id='word_1_122' title='bbox 1227 1552 1386 1616; x_wconf 80' lang='lat' dir='ltr'>igitur</span> <span class='ocrx_word' id='word_1_123' title='bbox 1420 1551 1617 1616; x_wconf 81' lang='lat' dir='ltr'>inficias</span> 
     </span>
    </p>
   </div>
   <div class='ocr_carea' id='block_1_3' title="bbox 183 1623 1718 1691">
    <p class='ocr_par' dir='ltr' id='par_1_3' title="bbox 183 1623 1718 1691">
     <span class='ocr_line' id='line_1_19' title="bbox 183 1623 1718 1691; baseline -0.001 -16"><span class='ocrx_word' id='word_1_124' title='bbox 183 1626 278 1675; x_wconf 76' lang='lat' dir='ltr'>ibis</span> <span class='ocrx_word' id='word_1_125' title='bbox 300 1626 454 1681; x_wconf 74' lang='lat' dir='ltr'><strong><em>verba</em></strong></span> <span class='ocrx_word' id='word_1_126' title='bbox 477 1650 579 1685; x_wconf 84' lang='grc' dir='ltr'><em>ειμι,</em></span> <span class='ocrx_word' id='word_1_127' title='bbox 605 1623 767 1687; x_wconf 31' lang='grc' dir='ltr'>αττ-ειμι)</span> <span class='ocrx_word' id='word_1_128' title='bbox 783 1628 810 1659; x_wconf 13' lang='grc' dir='ltr'>Α*</span> <span class='ocrx_word' id='word_1_129' title='bbox 824 1628 956 1689; x_wconf 81' lang='grc' dir='ltr'>εξειμι</span> <span class='ocrx_word' id='word_1_130' title='bbox 983 1625 1076 1675; x_wconf 62' lang='lat' dir='ltr'>&amp;a</span> <span class='ocrx_word' id='word_1_131' title='bbox 1102 1627 1252 1676; x_wconf 75' lang='lat' dir='ltr'><em>etiam</em></span> <span class='ocrx_word' id='word_1_132' title='bbox 1274 1628 1411 1691; x_wconf 77' lang='lat' dir='ltr'>apud</span> <span class='ocrx_word' id='word_1_133' title='bbox 1431 1627 1616 1675; x_wconf 71' lang='lat' dir='ltr'><em>Poeta-3</em></span> <span class='ocrx_word' id='word_1_134' title='bbox 1656 1626 1718 1679; x_wconf 83' lang='grc'>79</span> 
     </span>
    </p>
   </div>
   <div class='ocr_carea' id='block_1_4' title="bbox 181 1703 1617 1920">
    <p class='ocr_par' dir='ltr' id='par_1_4' title="bbox 181 1703 1617 1920">
     <span class='ocr_line' id='line_1_20' title="bbox 182 1703 1617 1770; baseline 0.001 -19"><span class='ocrx_word' id='word_1_135' title='bbox 182 1703 411 1767; x_wconf 80' lang='lat' dir='ltr'>temporis</span> <span class='ocrx_word' id='word_1_136' title='bbox 433 1703 610 1769; x_wconf 72' lang='lat' dir='ltr'>futuri</span> <span class='ocrx_word' id='word_1_137' title='bbox 645 1703 841 1752; x_wconf 80' lang='lat' dir='ltr'>notione</span> <span class='ocrx_word' id='word_1_138' title='bbox 875 1721 977 1752; x_wconf 76' lang='lat' dir='ltr'>non</span> <span class='ocrx_word' id='word_1_139' title='bbox 1013 1721 1131 1753; x_wconf 83' lang='lat' dir='ltr'><em>raro</em></span> <span class='ocrx_word' id='word_1_140' title='bbox 1168 1704 1438 1754; x_wconf 76' lang='lat' dir='ltr'>adhiberi?</span> <span class='ocrx_word' id='word_1_141' title='bbox 1506 1704 1617 1770; x_wconf 83' lang='lat' dir='ltr'>Ego</span> 
     </span>
     <span class='ocr_line' id='line_1_21' title="bbox 182 1780 1617 1831; baseline 0.001 -4"><span class='ocrx_word' id='word_1_142' title='bbox 182 1795 299 1828; x_wconf 85' lang='lat' dir='ltr'><strong>vero</strong></span> <span class='ocrx_word' id='word_1_143' title='bbox 338 1780 460 1827; x_wconf 87' lang='lat' dir='ltr'>nihil</span> <span class='ocrx_word' id='word_1_144' title='bbox 501 1781 674 1828; x_wconf 88' lang='lat' dir='ltr'>minus.</span> <span class='ocrx_word' id='word_1_145' title='bbox 766 1781 952 1829; x_wconf 83' lang='lat' dir='ltr'>Contra</span> <span class='ocrx_word' id='word_1_146' title='bbox 975 1788 1150 1831; x_wconf 71' lang='lat' dir='ltr'>autem</span> <span class='ocrx_word' id='word_1_147' title='bbox 1192 1782 1426 1830; x_wconf 84' lang='lat' dir='ltr'>confirmo</span> <span class='ocrx_word' id='word_1_148' title='bbox 1468 1783 1617 1829; x_wconf 77' lang='lat' dir='ltr'><strong>verba</strong></span> 
     </span>
     <span class='ocr_line' id='line_1_22' title="bbox 181 1856 1615 1920; baseline -0.002 -16"><span class='ocrx_word' id='word_1_149' title='bbox 181 1856 274 1904; x_wconf 82' lang='lat' dir='ltr'>ista</span> <span class='ocrx_word' id='word_1_150' title='bbox 294 1858 424 1920; x_wconf 83' lang='lat' dir='ltr'>apud</span> <span class='ocrx_word' id='word_1_151' title='bbox 447 1857 634 1905; x_wconf 84' lang='lat' dir='ltr'>Atticos</span> <span class='ocrx_word' id='word_1_152' title='bbox 656 1873 826 1906; x_wconf 82' lang='lat' dir='ltr'><strong>revera</strong></span> <span class='ocrx_word' id='word_1_153' title='bbox 867 1858 1001 1918; x_wconf 85' lang='lat' dir='ltr'>(nam</span> <span class='ocrx_word' id='word_1_154' title='bbox 1036 1857 1242 1905; x_wconf 83' lang='lat' dir='ltr'>formam</span> <span class='ocrx_word' id='word_1_155' title='bbox 1278 1856 1398 1904; x_wconf 87' lang='lat' dir='ltr'>nihil</span> <span class='ocrx_word' id='word_1_156' title='bbox 1433 1856 1615 1916; x_wconf 84' lang='lat' dir='ltr'>moror)</span> 
     </span>
    </p>
   </div>
   <div class='ocr_carea' id='block_1_5' title="bbox 169 2018 1623 2844">
    <p class='ocr_par' dir='ltr' id='par_1_5' title="bbox 169 2018 1623 2704">
     <span class='ocr_line' id='line_1_23' title="bbox 234 2018 1618 2075; baseline -0.004 -15"><span class='ocrx_word' id='word_1_157' title='bbox 234 2023 258 2065; x_wconf 89' lang='lat'><em>†</em></span> <span class='ocrx_word' id='word_1_158' title='bbox 286 2021 465 2073; x_wconf 83' lang='lat' dir='ltr'>Equidem</span> <span class='ocrx_word' id='word_1_159' title='bbox 488 2036 561 2061; x_wconf 85' lang='lat' dir='ltr'>non</span> <span class='ocrx_word' id='word_1_160' title='bbox 585 2028 758 2073; x_wconf 85' lang='lat' dir='ltr'>perpetuo</span> <span class='ocrx_word' id='word_1_161' title='bbox 784 2036 871 2062; x_wconf 87' lang='lat' dir='ltr'>cum</span> <span class='ocrx_word' id='word_1_162' title='bbox 928 2024 1023 2075; x_wconf 91' lang='lat' dir='ltr'>quod</span> <span class='ocrx_word' id='word_1_163' title='bbox 1042 2022 1177 2060; x_wconf 82' lang='lat' dir='ltr'>alicubi</span> <span class='ocrx_word' id='word_1_164' title='bbox 1204 2022 1257 2059; x_wconf 89' lang='lat' dir='ltr'>ait</span> <span class='ocrx_word' id='word_1_165' title='bbox 1286 2019 1495 2066; x_wconf 83' lang='lat' dir='ltr'>Dawesius‚</span> <span class='ocrx_word' id='word_1_166' title='bbox 1522 2018 1618 2068; x_wconf 86' lang='lat' dir='ltr'>apud</span> 
     </span>
     <span class='ocr_line' id='line_1_24' title="bbox 180 2082 1621 2136; baseline -0.004 -12"><span class='ocrx_word' id='word_1_167' title='bbox 180 2085 302 2135; x_wconf 82' lang='lat' dir='ltr'>prima</span> <span class='ocrx_word' id='word_1_168' title='bbox 320 2098 478 2135; x_wconf 82' lang='lat' dir='ltr'>persona</span> <span class='ocrx_word' id='word_1_169' title='bbox 493 2087 668 2136; x_wconf 86' lang='lat' dir='ltr'>junctum</span> <span class='ocrx_word' id='word_1_170' title='bbox 680 2102 692 2132; x_wconf 94' lang='lat'>;</span> <span class='ocrx_word' id='word_1_171' title='bbox 732 2086 873 2124; x_wconf 84' lang='lat' dir='ltr'>Lucan.</span> <span class='ocrx_word' id='word_1_172' title='bbox 926 2087 1025 2126; x_wconf 89' lang='lat' dir='ltr'>solos</span> <span class='ocrx_word' id='word_1_173' title='bbox 1052 2091 1187 2136; x_wconf 13' lang='lat' dir='ltr'>poetas*</span> <span class='ocrx_word' id='word_1_174' title='bbox 1210 2089 1351 2122; x_wconf 86' lang='lat' dir='ltr'><strong>certam</strong></span> <span class='ocrx_word' id='word_1_175' title='bbox 1369 2082 1517 2134; x_wconf 85' lang='lat' dir='ltr'>reperiri</span> <span class='ocrx_word' id='word_1_176' title='bbox 1545 2094 1621 2119; x_wconf 90' lang='lat' dir='ltr'>ser-</span> 
     </span>
     <span class='ocr_line' id='line_1_25' title="bbox 181 2145 1618 2200; baseline -0.004 -13"><span class='ocrx_word' id='word_1_177' title='bbox 181 2148 538 2198; x_wconf 81' lang='lat' dir='ltr'>Phars.v111‚824.</span> <span class='ocrx_word' id='word_1_178' title='bbox 568 2150 686 2188; x_wconf 77' lang='lat' dir='ltr'>Humi</span> <span class='ocrx_word' id='word_1_179' title='bbox 701 2149 871 2200; x_wconf 77' lang='lat' dir='ltr'>equidem</span> <span class='ocrx_word' id='word_1_180' title='bbox 926 2149 1047 2187; x_wconf 89' lang='lat' dir='ltr'>monis</span> <span class='ocrx_word' id='word_1_181' title='bbox 1075 2147 1193 2186; x_wconf 73' lang='lat' dir='ltr'>Attici</span> <span class='ocrx_word' id='word_1_182' title='bbox 1223 2146 1435 2185; x_wconf 86' lang='lat' dir='ltr'>normam.&#39;&#39;</span> <span class='ocrx_word' id='word_1_183' title='bbox 1474 2145 1541 2182; x_wconf 87' lang='lat' dir='ltr'>Br.</span> <span class='ocrx_word' id='word_1_184' title='bbox 1571 2145 1618 2182; x_wconf 88' lang='lat' dir='ltr'>ad</span> 
     </span>
     <span class='ocr_line' id='line_1_26' title="bbox 182 2210 1621 2258; baseline -0.003 -8"><span class='ocrx_word' id='word_1_185' title='bbox 182 2212 361 2252; x_wconf 67' lang='lat' dir='ltr'>inanes-ito</span> <span class='ocrx_word' id='word_1_186' title='bbox 392 2213 560 2253; x_wconf 70' lang='lat' dir='ltr'>Cumanae</span> <span class='ocrx_word' id='word_1_187' title='bbox 588 2215 748 2253; x_wconf 82' lang='lat' dir='ltr'>carmine</span> <span class='ocrx_word' id='word_1_188' title='bbox 777 2215 874 2256; x_wconf 75' lang='lat' dir='ltr'>vatis</span> <span class='ocrx_word' id='word_1_189' title='bbox 929 2212 1071 2250; x_wconf 84' lang='lat' dir='ltr'>Eccles.</span> <span class='ocrx_word' id='word_1_190' title='bbox 1091 2215 1182 2250; x_wconf 76' lang='lat'><em>255.</em></span> <span class='ocrx_word' id='word_1_191' title='bbox 1219 2211 1295 2248; x_wconf 90' lang='lat' dir='ltr'>“in</span> <span class='ocrx_word' id='word_1_192' title='bbox 1320 2210 1483 2248; x_wconf 83' lang='lat' dir='ltr'>oratione</span> <span class='ocrx_word' id='word_1_193' title='bbox 1510 2220 1621 2258; x_wconf 87' lang='lat' dir='ltr'>prosa</span> 
     </span>
     <span class='ocr_line' id='line_1_27' title="bbox 184 2273 1621 2328; baseline -0.004 -12"><span class='ocrx_word' id='word_1_194' title='bbox 184 2277 353 2325; x_wconf 78' lang='lat' dir='ltr'>Cautum,</span> <span class='ocrx_word' id='word_1_195' title='bbox 386 2279 610 2328; x_wconf 83' lang='lat' dir='ltr'>Propertius,</span> <span class='ocrx_word' id='word_1_196' title='bbox 636 2291 688 2326; x_wconf 84' lang='lat'>11,</span> <span class='ocrx_word' id='word_1_197' title='bbox 711 2280 816 2328; x_wconf 84' lang='lat' dir='ltr'>xxiii,</span> <span class='ocrx_word' id='word_1_198' title='bbox 836 2282 873 2318; x_wconf 88' lang='grc'>5,</span> <span class='ocrx_word' id='word_1_199' title='bbox 927 2276 1039 2314; x_wconf 86' lang='lat' dir='ltr'>nuuae</span> <span class='ocrx_word' id='word_1_200' title='bbox 1058 2277 1166 2314; x_wconf 89' lang='lat' dir='ltr'>metri</span> <span class='ocrx_word' id='word_1_201' title='bbox 1190 2276 1290 2326; x_wconf 85' lang='lat' dir='ltr'>leges</span> <span class='ocrx_word' id='word_1_202' title='bbox 1314 2274 1482 2312; x_wconf 84' lang='lat' dir='ltr'>mutandi</span> <span class='ocrx_word' id='word_1_203' title='bbox 1500 2273 1621 2311; x_wconf 85' lang='lat' dir='ltr'>libidi-</span> 
     </span>
     <span class='ocr_line' id='line_1_28' title="bbox 182 2337 1619 2393; baseline -0.004 -12"><span class='ocrx_word' id='word_1_204' title='bbox 182 2342 262 2381; x_wconf 80' lang='lat' dir='ltr'>Hic</span> <span class='ocrx_word' id='word_1_205' title='bbox 296 2342 460 2393; x_wconf 79' lang='lat' dir='ltr'>equidem</span> <span class='ocrx_word' id='word_1_206' title='bbox 494 2343 625 2381; x_wconf 69' lang='lat' dir='ltr'><strong><em>Phoebo</em></strong></span> <span class='ocrx_word' id='word_1_207' title='bbox 660 2344 759 2381; x_wconf 72' lang='lat' dir='ltr'>visus</span> <span class='ocrx_word' id='word_1_208' title='bbox 787 2344 875 2386; x_wconf 70' lang='lat' dir='ltr'>mibi</span> <span class='ocrx_word' id='word_1_209' title='bbox 927 2355 1013 2380; x_wconf 84' lang='lat' dir='ltr'>nem</span> <span class='ocrx_word' id='word_1_210' title='bbox 1028 2343 1232 2380; x_wconf 58' lang='lat' dir='ltr'>coercent?</span> <span class='ocrx_word' id='word_1_211' title='bbox 1253 2340 1305 2386; x_wconf 57' lang='lat' dir='ltr'>‚T.</span> <span class='ocrx_word' id='word_1_212' title='bbox 1318 2339 1372 2377; x_wconf 90' lang='grc' dir='ltr'>Η.</span> <span class='ocrx_word' id='word_1_213' title='bbox 1387 2340 1435 2378; x_wconf 75' lang='lat' dir='ltr'>ad</span> <span class='ocrx_word' id='word_1_214' title='bbox 1448 2337 1619 2388; x_wconf 84' lang='lat' dir='ltr'><strong>Xenoph.</strong></span> 
     </span>
     <span class='ocr_line' id='line_1_29' title="bbox 169 2403 1619 2458; baseline -0.008 -10"><span class='ocrx_word' id='word_1_215' title='bbox 169 2407 344 2458; x_wconf 18' lang='lat' dir='ltr'>*pulcrior</span> <span class='ocrx_word' id='word_1_216' title='bbox 380 2407 460 2457; x_wconf 75' lang='lat' dir='ltr'>ipso</span> <span class='ocrx_word' id='word_1_217' title='bbox 479 2429 531 2436; x_wconf 91' lang='lat'>—-</span> <span class='ocrx_word' id='word_1_218' title='bbox 551 2407 623 2445; x_wconf 80' lang='lat' dir='ltr'>Sed</span> <span class='ocrx_word' id='word_1_219' title='bbox 659 2407 754 2458; x_wconf 85' lang='lat' dir='ltr'>lego,</span> <span class='ocrx_word' id='word_1_220' title='bbox 795 2408 873 2446; x_wconf 85' lang='lat' dir='ltr'>Hic</span> <span class='ocrx_word' id='word_1_221' title='bbox 929 2406 1067 2455; x_wconf 90' lang='lat' dir='ltr'>Ephes.</span> <span class='ocrx_word' id='word_1_222' title='bbox 1103 2405 1142 2442; x_wconf 89' lang='lat' dir='ltr'>in</span> <span class='ocrx_word' id='word_1_223' title='bbox 1178 2404 1291 2442; x_wconf 84' lang='lat' dir='ltr'>Misc.</span> <span class='ocrx_word' id='word_1_224' title='bbox 1328 2403 1424 2442; x_wconf 89' lang='lat' dir='ltr'>Obs.</span> <span class='ocrx_word' id='word_1_225' title='bbox 1445 2415 1507 2450; x_wconf 77' lang='grc' dir='ltr'>ιν,</span> <span class='ocrx_word' id='word_1_226' title='bbox 1528 2405 1619 2447; x_wconf 76' lang='lat'><strong>289.</strong></span> 
     </span>
     <span class='ocr_line' id='line_1_30' title="bbox 185 2467 1622 2528; baseline -0.005 -18"><span class='ocrx_word' id='word_1_227' title='bbox 185 2472 359 2520; x_wconf 85' lang='lat' dir='ltr'>Phoebus,</span> <span class='ocrx_word' id='word_1_228' title='bbox 380 2471 625 2511; x_wconf 78' lang='lat' dir='ltr'><strong>Phaebo—vel</strong></span> <span class='ocrx_word' id='word_1_229' title='bbox 641 2473 761 2511; x_wconf 76' lang='lat' dir='ltr'>simile</span> <span class='ocrx_word' id='word_1_230' title='bbox 777 2474 875 2526; x_wconf 80' lang='lat' dir='ltr'>quid,</span> <span class='ocrx_word' id='word_1_231' title='bbox 930 2467 1068 2506; x_wconf 83' lang='lat' dir='ltr'>Anatis</span> <span class='ocrx_word' id='word_1_232' title='bbox 1087 2468 1280 2518; x_wconf 85' lang='lat' dir='ltr'>exemplis,</span> <span class='ocrx_word' id='word_1_233' title='bbox 1302 2481 1382 2528; x_wconf 72' lang='lat' dir='ltr'>quae</span> <span class='ocrx_word' id='word_1_234' title='bbox 1400 2473 1529 2505; x_wconf 86' lang='lat' dir='ltr'><strong>contra</strong></span> <span class='ocrx_word' id='word_1_235' title='bbox 1546 2479 1622 2504; x_wconf 86' lang='lat' dir='ltr'><strong>cer-</strong></span> 
     </span>
     <span class='ocr_line' id='line_1_31' title="bbox 185 2534 1622 2584; baseline -0.004 -10"><span class='ocrx_word' id='word_1_236' title='bbox 185 2534 236 2574; x_wconf 85' lang='lat' dir='ltr'>R.</span> <span class='ocrx_word' id='word_1_237' title='bbox 253 2535 301 2574; x_wconf 85' lang='grc' dir='ltr'>Β.</span> <span class='ocrx_word' id='word_1_238' title='bbox 366 2537 471 2575; x_wconf 85' lang='lat' dir='ltr'>Pers.</span> <span class='ocrx_word' id='word_1_239' title='bbox 503 2537 581 2575; x_wconf 86' lang='lat' dir='ltr'><strong>Sat.</strong></span> <span class='ocrx_word' id='word_1_240' title='bbox 612 2549 642 2584; x_wconf 90' lang='lat'>1,</span> <span class='ocrx_word' id='word_1_241' title='bbox 664 2542 753 2578; x_wconf 88' lang='lat'>110.</span> <span class='ocrx_word' id='word_1_242' title='bbox 799 2539 876 2578; x_wconf 78' lang='lat' dir='ltr'>Per</span> <span class='ocrx_word' id='word_1_243' title='bbox 928 2535 1094 2574; x_wconf 81' lang='lat' dir='ltr'>tissimas</span> <span class='ocrx_word' id='word_1_244' title='bbox 1122 2534 1231 2573; x_wconf 83' lang='lat' dir='ltr'>metri</span> <span class='ocrx_word' id='word_1_245' title='bbox 1257 2534 1355 2584; x_wconf 85' lang='lat' dir='ltr'>leges</span> <span class='ocrx_word' id='word_1_246' title='bbox 1381 2534 1622 2571; x_wconf 86' lang='lat' dir='ltr'>turbaverunt</span> 
     </span>
     <span class='ocr_line' id='line_1_32' title="bbox 185 2594 1623 2651; baseline -0.005 -12"><span class='ocrx_word' id='word_1_247' title='bbox 185 2611 240 2645; x_wconf 73' lang='lat' dir='ltr'>me</span> <span class='ocrx_word' id='word_1_248' title='bbox 265 2600 433 2650; x_wconf 85' lang='lat' dir='ltr'>equidem</span> <span class='ocrx_word' id='word_1_249' title='bbox 462 2601 536 2638; x_wconf 79' lang='lat' dir='ltr'>sint</span> <span class='ocrx_word' id='word_1_250' title='bbox 565 2601 683 2638; x_wconf 81' lang='lat' dir='ltr'><em>omnia</em></span> <span class='ocrx_word' id='word_1_251' title='bbox 704 2603 875 2651; x_wconf 79' lang='lat' dir='ltr'>protinus</span> <span class='ocrx_word' id='word_1_252' title='bbox 929 2599 1080 2646; x_wconf 64' lang='lat' dir='ltr'>librani,</span> <span class='ocrx_word' id='word_1_253' title='bbox 1108 2598 1294 2650; x_wconf 80' lang='lat' dir='ltr'>quaeritur,</span> <span class='ocrx_word' id='word_1_254' title='bbox 1324 2603 1347 2621; x_wconf 88' lang='lat'><strong>“</strong></span> <span class='ocrx_word' id='word_1_255' title='bbox 1362 2596 1448 2648; x_wconf 87' lang='lat' dir='ltr'>quid</span> <span class='ocrx_word' id='word_1_256' title='bbox 1466 2608 1528 2634; x_wconf 85' lang='lat' dir='ltr'>eos</span> <span class='ocrx_word' id='word_1_257' title='bbox 1546 2594 1623 2632; x_wconf 85' lang='lat' dir='ltr'><strong>fac·</strong></span> 
     </span>
     <span class='ocr_line' id='line_1_33' title="bbox 187 2661 1620 2704; baseline -0.001 -5"><span class='ocrx_word' id='word_1_258' title='bbox 187 2662 271 2700; x_wconf 81' lang='lat' dir='ltr'><strong><em>alba</em></strong></span> <span class='ocrx_word' id='word_1_259' title='bbox 286 2676 366 2702; x_wconf 89' lang='lat'>:—.</span> <span class='ocrx_word' id='word_1_260' title='bbox 928 2671 1032 2704; x_wconf 85' lang='lat' dir='ltr'>turos</span> <span class='ocrx_word' id='word_1_261' title='bbox 1064 2677 1190 2702; x_wconf 82' lang='lat' dir='ltr'>censes</span> <span class='ocrx_word' id='word_1_262' title='bbox 1220 2663 1258 2701; x_wconf 92' lang='lat' dir='ltr'>in</span> <span class='ocrx_word' id='word_1_263' title='bbox 1290 2663 1418 2702; x_wconf 84' lang='lat' dir='ltr'>solutae</span> <span class='ocrx_word' id='word_1_264' title='bbox 1447 2661 1620 2700; x_wconf 82' lang='lat' dir='ltr'>orationis</span> 
     </span>
    </p>

    <p class='ocr_par' dir='ltr' id='par_1_6' title="bbox 245 2725 1614 2781">
     <span class='ocr_line' id='line_1_34' title="bbox 245 2725 1614 2781; baseline 0.001 -19"><span class='ocrx_word' id='word_1_265' title='bbox 245 2728 308 2762; x_wconf 85' lang='grc'>18.</span> <span class='ocrx_word' id='word_1_266' title='bbox 336 2725 444 2776; x_wconf 81' lang='lat' dir='ltr'>Virg.</span> <span class='ocrx_word' id='word_1_267' title='bbox 462 2727 554 2765; x_wconf 91' lang='lat' dir='ltr'>Buc.</span> <span class='ocrx_word' id='word_1_268' title='bbox 575 2738 647 2773; x_wconf 90' lang='lat'>111,</span> <span class='ocrx_word' id='word_1_269' title='bbox 669 2731 758 2766; x_wconf 82' lang='lat'>104.</span> <span class='ocrx_word' id='word_1_270' title='bbox 931 2728 1168 2781; x_wconf 82' lang='lat' dir='ltr'>scriptoribus</span> <span class='ocrx_word' id='word_1_271' title='bbox 1182 2728 1216 2766; x_wconf 86' lang='lat'>?&#39;’</span> <span class='ocrx_word' id='word_1_272' title='bbox 1262 2727 1309 2765; x_wconf 87' lang='lat' dir='ltr'>ad</span> <span class='ocrx_word' id='word_1_273' title='bbox 1342 2727 1436 2766; x_wconf 88' lang='lat' dir='ltr'><strong>Hec.</strong></span> <span class='ocrx_word' id='word_1_274' title='bbox 1466 2728 1614 2768; x_wconf 77' lang='lat'>1149:</span> 
     </span>
    </p>

    <p class='ocr_par' dir='ltr' id='par_1_7' title="bbox 242 2790 1052 2844">
     <span class='ocr_line' id='line_1_35' title="bbox 242 2790 1052 2844; baseline 0.004 -17"><span class='ocrx_word' id='word_1_275' title='bbox 242 2792 306 2832; x_wconf 88' lang='grc'>19.</span> <span class='ocrx_word' id='word_1_276' title='bbox 332 2794 355 2813; x_wconf 87' lang='grc'><strong>“</strong></span> <span class='ocrx_word' id='word_1_277' title='bbox 374 2790 483 2831; x_wconf 72' lang='lat' dir='ltr'>Nihil</span> <span class='ocrx_word' id='word_1_278' title='bbox 511 2791 633 2830; x_wconf 81' lang='lat' dir='ltr'>verius</span> <span class='ocrx_word' id='word_1_279' title='bbox 665 2798 731 2841; x_wconf 84' lang='lat' dir='ltr'>est,</span> <span class='ocrx_word' id='word_1_280' title='bbox 766 2805 879 2844; x_wconf 77' lang='lat' dir='ltr'>quam</span> <span class='ocrx_word' id='word_1_281' title='bbox 936 2796 1052 2831; x_wconf 86' lang='lat'>1141.</span> 
     </span>
    </p>
   </div>
  </div>
 </body>
</html>
