1864 3132
440 283 655 319 AnnmmA
686 283 738 309 ET
767 283 1062 311 comus-imas
1091 284 1154 310 An
1181 279 1343 310 noras.
1525 265 1603 308 615

189 376 280 411 284.
306 371 346 410 in
364 377 468 410 textu
485 374 512 411 1.
530 375 569 416 9.
597 387 640 409 ⁴1·-
668 372 722 408 ταὶ
741 372 838 425 ῥάκη
857 371 905 418 C,
925 372 985 419 D,.
999 371 1041 418 F,
1071 371 1229 409 Barocc.
1250 373 1338 414 127.
1368 367 1407 406 in
1435 370 1540 409 textu
1570 370 1608 403 et

230 488 234 492 .
296 437 413 476 schol.
431 437 484 485 H,
507 442 546 475 et
563 437 605 483 I;
631 453 674 475 π.
702 453 745 484 γε
764 438 818 474 τὰ
833 436 928 491 ριίκη
950 438 996 475 Ε.
1024 438 1097 475 col.
1115 441 1152 476 2.
1181 440 1208 476 ἰ.
1227 441 1264 480 7.
1293 440 1320 458 “
1339 434 1447 473 103?
1476 432 1607 472 Schol.

297 502 346 540 ad
378 502 476 540 Rau.
509 505 574 539 33.
619 500 1270 555 Ἀργίνουσα-Μανίας-ἅκραςῑ
1318 501 1436 538 immo
1466 497 1611 538 Maxe'a‘

297 568 408 621 ἄκρα·
447 568 498 605 vi.
528 567 701 617 Xenoph.
720 567 868 605 Hellen.
889 569 920 614 1,
943 566 1035 606 446.
1064 567 1110 605 C.
1155 567 1234 618 [ed.
1260 565 1412 604 Leuncl.
1439 563 1611 614 Thucyd.

301 646 375 681 111,
391 635 481 686 iv.];
512 634 683 672 Straboni
701 634 827 684 [xnn
858 639 950 679 917.
981 635 1038 672 ed.
1060 633 1217 685 Almel]
1253 639 1311 671 est
1338 632 1487 676 Μαλία,
1514 629 1613 680 quod

302 700 468 738 rectius.’¹
496 699 546 737 R.
562 699 610 736 Β.
650 699 783 737 Denuo
810 700 858 736 ad
887 700 982 737 Ran.
1007 704 1094 745 193.
1137 704 1162 724 “
1182 698 1305 737 Photii
1333 697 1427 735 Lex.
1457 695 1547 734 MS.
1576 694 1615 731 in

301 763 439 818 Κρὲας.
476 765 554 810 Τῆν
571 763 656 816 περὶ
672 765 747 810 τζν
765 764 891 817 κρεῶν.
929 766 952 801 ὁ
970 764 1008 802 δέ
1027 765 1134 816 Ῑξὶων
1149 761 1298 817 γράφει,
1326 761 1398 807 τήν
1425 758 1512 812 περὶ
1539 757 1616 795 ‘refu

303 832 449 883 νεκρῶν,
476 831 554 867 τῶν
580 830 622 868 ἐν
637 828 893 883 Ἀργινούσαις
918 829 1089 881 ἀτάφων,
1121 830 1214 882 ὑπὲρ
1247 826 1296 866 ἦν
1323 824 1555 879 ἀνῃρέθησαν
1581 824 1618 860 θῖ

302 893 534 944 στρατηγοί.
570 904 658 929 sane-
674 891 726 929 τδ
743 892 875 944 νεκρῶν
902 893 1032 943 [quam
1052 891 1142 930 MS.
1166 891 1216 928 U.
1241 895 1276 927 et
1293 889 1412 928 schol.
1429 900 1495 938 pro
1512 886 1621 924 varia

301 955 455 994 lectione
473 958 691 1008 agnoscunt]
723 957 863 1006 optime
892 969 1055 1006 personae
1086 956 1288 994 Charontis
1315 959 1487 1004 aptatur:
1527 952 1620 990 forte

218 1054 243 1072 „
304 1020 376 1070 leg.
396 1020 479 1074 περὶ
497 1022 574 1058 τῶν
590 1021 721 1074 ἀκρῶν.
761 1021 940 1072 Intelligit
958 1021 1132 1067 Maliam‚
1153 1021 1291 1067 Canas,
1310 1020 1533 1070 Arginusas.
1559 1015 1622 1054 vel

303 1084 396 1123 forte
414 1085 496 1138 περὶ
516 1086 586 1131 τήν
603 1084 732 1139 ἄκραν,
752 1093 794 1124 ut
810 1085 932 1123 Malia
947 1085 1184 1136 intelligatur.
1212 1085 1310 1122 Vide
1325 1084 1456 1133 Soeph.
1471 1083 1566 1134 Byz.
1582 1082 1623 1119 in

306 1149 477 1186 Kamai?
505 1148 556 1187 R.
577 1149 626 1187 B.
668 1149 840 1199 Raperus
871 1151 962 1188 citat
989 1150 1224 1200 Hesychium
1257 1150 1301 1187 de
1328 1149 1461 1199 adagio
1487 1149 1622 1197 Aaqo'e

248 1248 260 1250 -
305 1213 390 1266 περὶ
408 1215 485 1252 τῶν
504 1216 631 1268 κρεῶν,
660 1222 698 1254 et
714 1216 810 1254 infra
827 1229 865 1253 v.
883 1213 976 1260 706.
1016 1215 1172 1253 Comico
1202 1216 1422 1254 sententiam
1453 1214 1626 1253 tribuisse

306 1279 463 1326 videtur,
496 1292 610 1330 quam
639 1279 848 1318 Brunclcius
878 1281 925 1318 ad
956 1279 1004 1325 l.;
1042 1286 1220 1330 provocat
1249 1280 1348 1318 enim
1374 1279 1423 1317 ad
1451 1279 1625 1329 Xenoph.

308 1346 457 1383 Hellen.
477 1358 508 1383 1.
537 1360 574 1395 p.
593 1350 820 1384 448-452,
850 1347 925 1384 Ubi
942 1347 1066 1394 duces,
1086 1353 1194 1397 parta
1206 1347 1374 1394 victoria,
1394 1346 1430 1384 in
1442 1345 1626 1396 judicium

310 1414 504 1454 vocantur,
534 1407 628 1446 διότι
657 1408 718 1446 οὖκ
750 1411 946 1448 ἀνείλοντο
979 1411 1066 1448 τούς
1097 1410 1287 1459 ναυαγοιὶς,
1321 1415 1359 1448 et
1386 1413 1506 1447 morte
1533 1407 1631 1445 mul-

311 1479 448 1511 tantur.
486 1473 594 1511 Conf.
615 1474 741 1512 Schol.
759 1476 857 1524 apud
874 1474 1059 1514 Inverniz.
1077 1477 1124 1514 ad
1142 1476 1169 1514 l.

206 1541 297 1577 285.
325 1538 393 1575 col.
411 1542 448 1576 2.
476 1538 501 1574 l.
523 1542 559 1575 8.
602 1543 627 1561 “
648 1539 746 1577 Ach.
778 1537 871 1584 969.
905 1545 943 1577 et
972 1541 1050 1578 Av.
1086 1538 1200 1579 1426.
1260 1539 1359 1589 Lege
1389 1539 1531 1586 Εἴσειμ’
1558 1538 1633 1576 ν’πό

317 1602 522 1655 πτερύγων.
561 1603 585 1639 Ζ.
607 1608 669 1640 11.
707 1603 839 1650 insere,
869 1604 960 1641 Eur.
986 1604 1115 1654 Suppl.
1134 1608 1212 1642 382
1236 1605 1358 1653 (390).
1397 1603 1491 1654 lege,
1520 1601 1632 1650 νέμεις

313 1666 370 1704 αἐὶ
393 1667 460 1715 (ita
488 1667 661 1717 2MSS.)
698 1669 768 1705 τόν
794 1668 967 1723 δυστυχῆ
993 1670 1122 1707 πάντᾶ
1138 1669 1219 1723 ῥύῃ.
1266 1671 1331 1716 At,
1361 1670 1516 1720 inquies,
1545 1682 1633 1721 quo-

316 1733 428 1770 modo
446 1732 593 1782 gemino
610 1745 676 1771 suo
692 1746 820 1772 versus
842 1734 912 1772 iste
933 1734 1188 1784 respondebit?
1244 1734 1300 1772 Ibi
1318 1747 1405 1772 vero
1422 1735 1632 1786 legendum,

318 1802 435 1843 τεμεῖ,
463 1797 645 1835 τέκνοισιν
664 1796 782 1835 “INA
809 1798 936 1850 ταφάς·
958 1797 1201 1848 ληψόμεθα;
1229 1798 1299 1836 nisi
1318 1799 1439 1837 mavis
1463 1812 1510 1837 ex
1528 1799 1635 1837 Mus-

315 1860 440 1910 gram'i
467 1861 605 1909 partim
629 1862 852 1911 conjectura,
882 1869 1009 1915 κρανεῖ
1036 1863 1126 1901 ποτ’
1159 1861 1234 1916 ἆρα
1266 1865 1370 1915 φίλια
1402 1864 1498 1919 μοῖρ’
1528 1864 1637 1912 Ἐμοὶ

321 1925 504 1966 τέκνοισιν
533 1929 590 1965 ἵνα
622 1930 750 1980 ταφεὶς·
779 1929 1020 1978 ληψόμεθα;
1050 1931 1159 1968 Adde
1189 1930 1352 1969 Bruuck.
1383 1931 1431 1969 ad
1462 1931 1636 1983 :EschyL

322 1991 514 2029 Prometh.
535 1996 651 2030 1031.
691 1993 885 2044 Aristoph.
911 1994 1012 2031 Nub.
1029 1992 1123 2038 647.
1161 1995 1353 2041 μανθάνειν
1383 1994 1467 2049 περὶ
1490 1997 1639 2051 ῥυθμῶν

321 2054 538 2094 Markland.
565 2057 613 2094 ad
647 2057 776 2107 Suppl.
805 2058 830 2096 l.
848 2071 880 2095 c.
919 2059 1035 2108 Vesp.
1052 2057 1144 2104 976.
1188 2060 1369 2110 Expunge
1386 2076 1442 2109 γε,
1470 2060 1546 2098 sine
1566 2073 1638 2113 quo

323 2125 485 2158 metrum
503 2121 594 2165 satis
611 2122 806 2160 constabit.
839 2126 954 2165 1478.
984 2123 1082 2173 Lege
1106 2124 1179 2161 ὑπὸ
1201 2124 1324 2178 ῥώμης
1343 2125 1433 2163 Pac.
1449 2123 1541 2170 698.
1570 2127 1638 2172 τῆς

325 2195 400 2220 om.
420 2184 522 2222 Suid.
540 2186 637 2223 Ran.
659 2190 775 2230 1091.
805 2187 904 2237 Lege
922 2187 974 2224 τά
991 2186 1181 2241 ῥήματα.”
1207 2187 1259 2225 R.
1275 2187 1322 2226 P.
1340 2189 1439 2238 apud
1456 2189 1502 2226 P.
1522 2189 1568 2226 P.
1582 2189 1638 2226 D.

220 2253 314 2288 288.
341 2249 380 2285 in
398 2254 501 2286 textu
518 2250 543 2286 l.
560 2249 599 2288 6.
627 2252 847 2303 αριστισον*
867 2254 921 2276 *“
935 2253 1149 2305 α’ρίστησ-ον
1165 2251 1205 2290 εὖ
1220 2252 1302 2290 edd.
1321 2258 1395 2291 tres
1412 2266 1468 2303 pr.
1492 2252 1640 2306 α’ρίστι-

331 2330 401 2351 σον
418 2312 458 2351 εὖ
474 2312 627 2351 Kaster.
646 2314 800 2352 εὶς-ΜΞ.
819 2316 910 2353 Vat.
928 2316 978 2353 U.
1015 2314 1216 2368 ἀρίστισον
1238 2316 1278 2355 εὖ
1300 2330 1441 2369 quoque
1461 2318 1583 2356 Suidae
1601 2331 1639 2355 v.

331 2378 595 2431 α’ριστήσασθε
612 2379 668 2416 ed.
686 2378 842 2418 Kuster.
859 2393 878 2418 e
899 2381 1016 2419 MSS.
1034 2381 1147 2418 Par.”
1187 2380 1237 2418 R.
1254 2382 1300 2419 P.
1324 2383 1422 2432 apud
1453 2383 1500 2420 P.
1521 2382 1567 2421 P.
1583 2382 1639 2420 D.

331 2455 441 2493 quem
462 2442 557 2480 vide.

226 2510 318 2551 290.
345 2505 414 2543 col.
437 2511 471 2543 1.
501 2505 525 2542 l.
549 2509 611 2549 19.
640 2505 731 2543 ‚Sed
748 2505 829 2543 haec
846 2519 1060 2557 perperam:
1090 2522 1179 2547 nam
1200 2510 1411 2548 Ennianum
1429 2515 1485 2547 est
1501 2509 1642 2548 Annal.

337 2583 408 2608 111.
436 2584 474 2620 p.
494 2574 558 2608 53.
602 2569 802 2621 Postquam
827 2571 970 2610 lumina
993 2574 1064 2612 seis
1081 2574 1196 2613 ochlis
1214 2576 1331 2614 bonus
1349 2574 1470 2612 Ancu’
1487 2574 1643 2625 reliquit.

229 2640 319 2681 291.
346 2636 413 2674 col.
433 2640 470 2673 2.
498 2636 524 2672 l.
542 2640 580 2673 2.
607 2648 703 2673 corr.
722 2643 943 2686 arrogasset,

231 2703 321 2744 292.
349 2701 416 2739 col.
438 2705 473 2737 1.
502 2700 525 2737 l.
544 2704 582 2743 7.
619 2699 696 2738 dele
732 2706 755 2724 “
777 2701 905 2751 Suppl.
922 2699 1015 2750 660,
1039 2703 1093 2740 1.”
1136 2708 1173 2740 et
1201 2708 1324 2740 notam
1351 2701 1645 2752 mutilam-exple

325 2765 403 2812 wic,
422 2766 559 2814 Agam.
580 2761 695 2807 1667.
714 2765 816 2802 Pers.
832 2769 921 2804 822.
941 2765 1070 2816 Suppl.
1083 2764 1176 2805 633.
1195 2764 1286 2812 660,
1309 2770 1342 2802 l.
1371 2766 1512 2815 Agam.
1530 2764 1645 2806 1660.

339 2829 429 2867 Eur.
447 2828 545 2878 apud
565 2827 669 2866 Stob.
686 2828 795 2867 Grot.
812 2842 849 2878 p.
868 2834 934 2873 71.
951 2834 1043 2874 377.
1073 2831 1166 2868 Hec.
1189 2827 1304 2868 1186.
1330 2828 1387 2866 ”H
1406 2830 1473 2875 ciis·
1489 2828 1649 2878 ἔμελλον

339 2894 406 2941 γῆς
441 2897 566 2941 τεμεῖν
597 2892 879 2942 βλαστήματα.
939 2900 966 2919 “
987 2895 1062 2933 The
1076 2896 1234 2945 -Jlowers
1264 2893 1313 2945 of
1338 2893 1399 2932 the
1419 2893 1552 2947 forest
1584 2906 1650 2933 are
