1864 3132
776 236 810 303 (¹
857 236 919 291 iii
987 240 1007 302 )

177 378 282 411 eam
303 361 369 410 ad
389 359 636 427 infinitum
657 361 942 422 μεταλλαξαι
966 360 1064 409 nisi
1083 376 1225 409 sensu
1238 366 1444 425 prorsus
1463 360 1621 409 alieno

175 440 443 489 rettuleris.
540 439 723 496 Tertio,
785 437 978 486 verbum
1032 461 1288 490 αυτοτατος
1345 444 1512 503 utpote
1559 437 1621 485 ab

175 516 505 581 Aristophane
557 515 751 564 licentia
811 514 988 563 comica
1045 512 1299 579 confictum
1356 514 1622 581 hujusmodi

175 594 426 644 Poematis
464 595 764 660 metaphrasi
777 611 959 659 parum
988 595 1219 642 convenit.
1294 594 1437 646 Quod
1456 600 1617 644 autem
1643 598 1693 645 iii

175 670 331 719 adhuc
363 671 571 737 gravius
613 678 702 730 est,
729 688 836 738 quoe
860 671 904 720 ei
938 670 997 719 ab
1020 669 1347 735 Aristophane
1369 671 1499 720 notio
1524 672 1617 720 tri-

174 747 341 796 buitur
376 749 435 797 ab
466 749 606 815 hujus
627 749 860 798 orationis
880 747 1037 797 indole
1051 747 1166 812 plus
1189 749 1333 797 nimio
1357 749 1586 797 abhorret
1600 769 1617 797 .·

175 825 311 874 aliud
331 827 499 892 utique
526 833 599 875 est
624 827 702 874 cui
724 826 996 894 aequipollet
1021 825 1313 875 Plautinum
1332 822 1615 892 ipsissimus,

174 902 311 951 aliud
344 903 470 968 quod
489 904 541 951 in
575 904 702 953 hunc
725 904 877 953 locum
900 904 1048 963 cadit,
1088 905 1232 953 idem.
1304 904 1469 971 Atque
1491 904 1617 952 hunc

174 982 362 1048 quidem
400 1000 589 1032 sensum
630 1001 690 1032 ne
727 985 820 1048 ipsi
856 984 1043 1050 quidem
1086 984 1273 1032 Comico
1295 984 1391 1032 nisi
1413 982 1644 1032 articuli·

172 1074 260 1121 ope
276 1056 455 1124 forma
475 1060 774 1125 superlativa
805 1061 987 1110 donare
1010 1061 1238 1110 licuisset.
1311 1060 1499 1124 Nempe
1521 1077 1616 1126 qua

171 1135 362 1185 ratione
384 1137 443 1185 ab
465 1161 596 1191 αυτ-ος
616 1139 714 1204 ipse
738 1137 1038 1206 confingitur
1060 1163 1310 1193 αυτοτατος
1334 1138 1612 1206 ipsissimus,

172 1213 335 1262 eadem
360 1215 509 1280 plane
532 1217 592 1265 ab
614 1218 639 1267 ὁ
670 1235 802 1286 αρτ-ος
836 1218 968 1266 idem'
989 1216 1186 1283 cotfieri
1208 1224 1451 1283 oporteret
1488 1219 1513 1267 ὁ
1537 1241 1615 1266 αυ-
1690 1273 1693 1275 ,

171 1307 383 1358 τοῖα-νος,
425 1294 469 1341 si
509 1294 582 1343 ita
605 1286 694 1354 vis,
738 1295 1121 1345 maxime-idem:
1196 1297 1404 1357 Quarto,
1440 1296 1617 1344 vitiosa

173 1373 246 1415 est
280 1368 501 1435 loquendi
537 1374 666 1421 ratio
703 1397 823 1424 τιπτ
859 1397 912 1423 αυ
947 1382 1181 1437 μελετῳμι.
1265 1374 1472 1442 Oportet
1505 1390 1617 1422 vero

171 1468 291 1494 τιτι-τ
324 1469 393 1497 αν.
467 1450 579 1501 Qua
619 1451 677 1499 de
711 1469 766 1500 re
787 1451 896 1500 vide
921 1469 1038 1516 pag.
1065 1459 1178 1510 207.
1253 1446 1453 1510 Quinto,
1461 1449 1616 1516 fictu·

173 1538 285 1569 rum
325 1533 597 1575 απολαυσειν
633 1526 819 1576 nullum
858 1535 931 1576 est
947 1550 963 1576 .·
999 1546 1149 1593 neque
1173 1529 1296 1577 enim
1320 1529 1416 1576 nisi
1437 1520 1616 1594 firma

173 1597 330 1661 media
341 1598 526 1649 dicitur
538 1609 874 1653 απολαυσεσθαι
895 1625 910 1658 ,-
937 1620 1210 1670 quanquam
1228 1604 1440 1652 aoristus
1454 1610 1616 1652 tamen

163 1668 360 1739 ‘activus
388 1685 626 1727 απελαυσα
639 1679 824 1742 passim
846 1680 1141 1744 reperiatur,
1171 1681 1352 1729 medius
1371 1697 1485 1729 vero
1504 1704 1616 1730 απε-

171 1755 405 1819 λανσαμῃν
445 1770 682 1820 nusquam
705 1762 850 1804 extet.

170 1848 427 1918 Aristoph.
453 1852 547 1902 Αυ.
578 1861 691 1915 177.

240 1939 659 1983 ΑΠΟΛΑΥΣΟΜΑΙ
688 1933 761 1981 τι9
788 1955 826 1997 ‘y
856 1956 893 1982 ει
921 1930 1326 2002 διαστραφησομαι,

177 2030 322 2080 Plut.
350 2031 465 2081 236.
579 2096 582 2101 ῃ

242 2124 432 2184 Α’γαθον
461 2142 556 2186 ’γαρ
585 2133 848 2172 ΑΠΕΛΑΥΣ
883 2121 1003 2173 ουδεν
1034 2148 1171 2174 αυτ-ου
1200 2141 1406 2175 πωποτε·

178 2235 417 2285 Similiter
457 2254 488 2284 a
534 2235 692 2285 verbis
731 2236 833 2300 ᾳδω,
881 2262 1044 2298 amoveo,-
1091 2247 1395 2307 usurpantur
1439 2265 1620 2306 ᾳσομαι,

258 2385 298 2426 9·
338 2383 365 2401 “
386 2377 510 2430 Vulgv
549 2376 650 2417 dee-³2
681 2380 732 2425 Τι’,
769 2380 874 2432 qnod
925 2393 1031 2423 NUS.
1052 2382 1191 2435 Equit.
1215 2388 1304 2429 175.
1353 2382 1619 2431 Εὖδαιμονήσω

176 2444 337 2495 conjecit
367 2441 625 2494 supplendum
650 2442 869 2488 Kusleru8,·
922 2446 968 2494 γ’,
1000 2451 1030 2485 εἴ
1058 2445 1409 2501 διαστραφήσομαι.
1438 2447 1556 2487 Istud
1578 2444 1624 2495 ’γε’

176 2508 275 2549 idem
289 2513 413 2547 tamen
423 2506 539 2558 hujus
549 2509 778 2559 conJecturae
789 2509 871 2548 lau-
924 2511 1044 2551 etiam
1069 2512 1177 2551 haud
1206 2512 1352 2565 exiguo
1377 2512 1620 2551 adsensum

177 2573 262 2614 dem
272 2573 476 2618 imminuit,
496 2571 576 2609 alia
588 2572 870 2626 subjungenda,
924 2575 1166 2623 discrimine,
1204 2575 1256 2614 ad
1285 2577 1477 2626 {numeros
1500 2574 1622 2614 maxi-

177 2639 220 2677 ὅτι
238 2650 350 2690 quam
368 2650 405 2676 se
418 2637 704 2689 propensiorem
721 2636 874 2690 sig-nifi-
925 2652 990 2678 mo
1004 2654 1016 2685 ;
1046 2637 1191 2678 Atticis
1211 2637 1314 2689 enim
1343 2651 1422 2677 non
1444 2637 1559 2678 licuit
1575 2633 1623 2685 γέ

179 2704 292 2748 cavit,
321 2702 395 2755 γάρ
423 2701 568 2740 scilicet
592 2707 669 2752 pro
705 2703 751 2749 γ’,
789 2715 874 2741 cum
926 2707 1020 2754 post
1035 2700 1532 2753 jusjurandum.continuo
1549 2713 1620 2752 po·

179 2767 285 2807 illud
329 2768 369 2805 τί
413 2767 517 2806 clare
562 2765 711 2805 exhibet
749 2766 869 2807 editio
921 2779 1029 2813 nere,
1060 2765 1172 2804 nullo
1191 2764 1271 2804 alio
1288 2765 1485 2804 vocabulo
1498 2763 1620 2802 inter-

181 2831 368 2873 Aldina.”
422 2832 670 2872 Rchnsz
703 2831 870 2872 Ponso-
914 2830 1054 2883 ject03
1084 2829 1239 2870 Eccles.
1276 2833 1370 2875 735.
1427 2826 1492 2872 Nn*
1523 2826 1616 2873 Δία,
