1864 3132
860 240 961 289 593

184 350 232 391 et
254 359 462 407 sponsas
483 343 612 393 duas
632 343 687 392 in
708 342 883 394 iisdem

917 345 1060 395 simul
1097 344 1284 395 cedibus
1318 344 1617 394 continebat.
1688 368 1691 369 ⁷

189 427 285 469 Δυο
323 427 503 480 autem,
543 437 632 486 pro
671 419 753 470 δυω
798 422 1111 487 scriptoribus
1157 423 1332 472 Atticis
1376 437 1619 486 nusquam

189 491 499 562 usurpato,²³²⁶
535 499 867 562 reponendum
909 499 1196 548 curavimus.

1269 498 1499 562 Denique
1534 512 1627 561 pro

186 587 305 620 voce
338 573 475 620 nihili
513 580 806 640 επεισεφρηκε
846 575 1046 624 rescribi
1081 580 1274 639 oportet
1308 580 1626 641 επεισεφρησε,

189 649 431 712 quomodo
452 649 634 716 legitur
653 649 802 700 Herc,
831 657 954 700 1366.

912 760 1181 804 ’γοργωπους
1213 746 1338 806 οφεις

392 825 776 865 ΕΠΕΙΣΕΦΡΗΣΕ
811 840 901 869 τοις
936 840 1075 874 εμοισι
1108 840 1398 884 σπαργανοις.
1431 813 1441 818 ⁴

194 964 265 995 voe,
291 952 385 987 415.
426 948 501 988 οὐδ’
521 949 620 988 ὅτων
647 955 754 989 οἶκεῖς·
771 950 885 999 μέτα.

193 1014 260 1052 Tr.
282 1018 398 1059 1237.
439 1014 466 1061 ἢ
493 1021 614 1054 τοῖσιν
646 1016 886 1070 ἐχθίστοισιν

192 1082 369 1118 συνναίειν
384 1081 491 1127 ὁμοῦ.
521 1081 694 1132 AEschyl.
708 1081 883 1131 Septheb.

197 1149 288 1182 188.
302 1144 493 1185 Ξύνοικος·
519 1147 595 1192 εἴην
615 1147 672 1199 τῷ
697 1149 883 1199 γυναικείῳ

191 1210 302 1260 «γένει.
332 1209 429 1250 Xen.
448 1212 574 1249 Anah.
595 1223 624 1248 1.
642 1224 679 1260 p.
692 1216 757 1250 20.
779 1213 885 1264 παρὰ

195 1273 268 1318 τήν
284 1272 487 1311 θάλατταν
500 1274 684 1311 οἶκοῦντες·
700 1273 739 1312 ἐν
748 1274 885 1312 Σόλοις·

194 1336 253 1374 καὶ
264 1336 302 1376 ἐν
311 1336 461 1374 Ἰσσοῖς.
479 1337 708 1376 Potestatem
719 1339 886 1376 activam

194 1401 410 1452 plemmque
426 1402 542 1439 babet
551 1417 562 1447 ;
589 1408 644 1448 ut,
661 1404 701 1440 in
717 1403 888 1454 AEschyl.

197 1465 376 1515 Septheb.
410 1468 503 1508 733.
554 1465 658 1502 Pers.
695 1469 762 1503 43.
802 1470 889 1510 189.

195 1534 291 1574 427.
336 1530 468 1580 Suppl.
499 1527 565 1568 26.
618 1531 761 1580 Agam.
796 1534 890 1567 458.

199 1600 318 1635 1542.
365 1595 477 1633 Eum.
509 1592 627 1633 1006.
673 1595 763 1632 Eur.
795 1593 889 1632 Hec.

197 1647 264 1706 79.
284 1660 588 1710 Aristoph.Nub.
598 1658 694 1698 603.
714 1659 888 1709 Xenoph.

200 1724 414 1763 Memomb.
433 1736 506 1772 111,
522 1737 561 1762 v.
578 1722 645 1770 26,
663 1730 701 1761 et
719 1728 782 1767 27.
814 1724 891 1761 De-

199 1789 340 1828 mosth.
350 1790 395 1827 de
405 1789 494 1827 Cor.
512 1802 548 1838 p.
563 1794 652 1826 100.
673 1787 892 1826 Meminisse

200 1855 291 1892 libet
325 1855 424 1892 Gen.
460 1865 590 1899 xmx,
625 1858 690 1892 24.

203 1919 321 1973 τρίβη
356 1919 416 1956 hic
449 1918 765 1968 interpretandum
798 1931 891 1956 com·

201 1989 366 2021 moratus
392 1988 461 2032 est,
497 1996 570 2021 non
595 1982 776 2021 contritus
801 1983 894 2020 est.”

203 2045 254 2084 R.
272 2045 321 2084 Β.

259 2110 351 2150 326.
380 2117 406 2136 “
428 2113 606 2161 probante
651 2124 740 2150 sane
782 2123 895 2162 quam

203 2177 336 2215 idoneo
383 2177 507 2227 judice
555 2176 804 2216 Valckenoerio
849 2175 898 2213 ad

208 2241 374 2290 Euripid.
409 2241 592 2279 Phoeniss.
628 2245 719 2279 585.
766 2240 896 2286 Quan-

207 2318 321 2358 quam
340 2306 473 2345 horum
496 2305 641 2344 decreto
668 2305 896 2357 acquiescere

742 1859 766 1877 “
791 1868 893 1891 συνε-

938 950 1056 989 noluit
1091 950 1337 989 Marklandus
1372 952 1419 989 ad
1463 951 1630 1002 Euripid.

940 1016 1023 1066 Iph.
1043 1016 1133 1053 Aul.
1156 1021 1272 1060 1247.
1314 1029 1424 1054 versu
1452 1029 1499 1053 ex
1527 1017 1633 1054 Aris-

938 1079 1043 1129 toph.
1064 1080 1188 1130 Equit.
1213 1083 1342 1127 1347„
1368 1081 1518 1119 infirmo
1545 1080 1631 1118 tibi-

937 1146 1031 1192 cine,
1046 1138 1169 1183 nixus.
1191 1143 1291 1183 Cum
1306 1146 1380 1183 duo
1395 1145 1517 1184 MSS.
1535 1146 1639 1196 apud

940 1210 1004 1247 Br.
1051 1209 1114 1247 δύο
1165 1207 1379 1256 exhibeant,
1431 1214 1631 1258 transpone

937 1278 1085 1311 tantum
1120 1272 1343 1323 particulam
1379 1287 1436 1320 γε,
1471 1278 1508 1310 et
1542 1271 1635 1322 lege,

942 1337 1018 1376 Ka}
1050 1336 1094 1383 m*
1124 1336 1192 1376 Δίῗ
1226 1338 1261 1375 εἴ
1289 1352 1333 1385 ‘7⁶
1362 1336 1425 1374 δύο
1455 1338 1635 1384 λεγοίτην

941 1401 1099 1455 ῥήτορε.
1157 1401 1272 1451 Soph.
1304 1401 1403 1450 apud
1434 1400 1636 1438 Scholiast.
1695 1413 1700 1417 ·

943 1467 990 1503 ad
1011 1466 1183 1517 AEschyl.
1203 1467 1305 1504 Pers.
1330 1469 1417 1502 181.
1447 1464 1636 1516 ἐδὸξάτηυ

942 1547 1005 1578 μοι
1037 1532 1091 1568 τὰ
1124 1530 1178 1569 δύ’
1209 1532 1349 1583 η’πείρω
1381 1534 1519 1578 μολεῖν.
1576 1528 1636 1566 Ita

943 1595 1181 1644 proculdubio
1226 1594 1435 1645 legendum.
1508 1593 1560 1631 R.
1589 1593 1638 1631 P.

946 1659 1087 1697 Advss.
1143 1672 1204 1708 pp.
1239 1663 1303 1707 35,
1335 1658 1399 1697 36.
1454 1664 1492 1696 et
1536 1659 1636 1708 apud

947 1719 995 1757 P.
1008 1719 1054 1758 P.
1069 1719 1123 1757 D.
1151 1720 1199 1758 ad
1219 1721 1290 1770 Eq.
1309 1720 1335 1757 l.
1353 1733 1401 1767 c.,
1419 1732 1531 1771 quem
1549 1732 1638 1757 con-

945 1785 999 1823 fer
1015 1785 1064 1822 ad
1074 1789 1167 1830 979.
1185 1785 1282 1823 Ran.
1293 1788 1383 1823 134.
1402 1784 1491 1823 Eur.
1506 1784 1637 1834 Suppl.

945 1853 1025 1887 344
1043 1851 1166 1899 (354).
1212 1848 1298 1898 Iph.
1324 1849 1373 1886 A.
1403 1851 1519 1892 1247.
1567 1847 1639 1885 Or.

949 1918 1066 1952 1550.
1110 1912 1334 1952 Valckenaer.
1352 1913 1400 1951 ad
1428 1912 1500 1950 Ph.
1521 1916 1639 1951 1022.

948 1978 1110 2017 Brunclr.
1121 1979 1169 2016 ad
1178 1979 1246 2017 Or.
1259 1983 1352 2023 857.
1364 1984 1402 2017 et
1413 1979 1510 2016 Rau.
1521 1981 1639 2016 1405.

951 2045 1057 2095 Virg.
1075 2045 1169 2082 Buc.
1189 2056 1242 2091 11,
1261 2048 1326 2082 40.
1354 2042 1545 2081 Proeterea
1555 2042 1636 2091 dus,

949 2123 1014 2148 nec
1045 2115 1129 2147 tuta
1159 2109 1246 2146 mihi
1264 2109 1358 2146 valle
1380 2108 1533 2157 reperti.
1567 2116 1637 2150 111,

950 2181 1016 2221 39.
1035 2180 1102 2214 44.
1143 2176 1230 2213 AEn.
1253 2186 1317 2222 XI,
1337 2177 1427 2212 285.
1466 2170 1637 2214 Macrob-

952 2242 1101 2280 Saturn.
1122 2244 1213 2279 582.
1239 2239 1297 2278 ed.
1316 2238 1487 2278 Pontani.
