1864 3132
956 293 1057 344 448

287 393 576 454 Φιλαθηναιος
599 420 664 459 ην,
700 399 818 456 ὖμων
846 420 901 448 τε
929 420 1120 466 epac-rm
1141 421 1207 461 ην,
1242 400 1365 450 ὥστε
1389 409 1728 452 ΕΓΡΑΦΟΝ-

284 472 599 538 Unquamne,
622 477 843 535 obsecrn,
867 476 1156 526 atrociorem
1179 477 1508 528 soloecismum
1530 477 1730 528 vidisti!

281 551 392 601 Hoc
416 553 641 616 primum.
715 555 910 604 Deinde
941 554 1146 604 alterum
1180 555 1232 604 in
1266 572 1410 606 versu
1444 556 1616 606 ultimo
1638 556 1731 606 im-

280 631 586 696 probandum
606 633 756 691 venit,
774 633 904 699 quod
920 633 1114 699 dactylo
1130 641 1407 698 anapaestus
1425 634 1726 702 subjiciatur.

280 705 392 756 Hoc
429 723 586 773 genus
627 708 798 772 utique
835 715 931 757 tam
973 725 1132 773 pauca
1153 710 1220 758 ‘in
1260 710 1498 759 universis
1538 709 1730 760 Comici

281 784 469 848 scriptis
494 786 815 848 reperiuntur,
840 803 996 851 eaque
1021 794 1118 834 tam
1142 787 1238 836 levi
1262 803 1412 836 manu
1427 788 1490 836 ad
1506 788 1728 838 normam

279 859 395 908 alibi
414 863 656 910 servatam
681 862 936 928 exigenda,
971 870 1025 911 ut
1056 863 1216 912 nullus
1245 864 1479 922 dubitem,
1515 863 1634 929 quin
1663 864 1753 914 ab*

199 957 201 961 ·
279 935 373 983 hac
407 938 585 1007 pedum
625 939 674 986 in
711 939 876 987 metris
917 939 1135 987 iambicis
1182 939 1543 1009 distributione.
1565 946 1728 1005 poetae

147 1558 243 1602 254

282 1013 431 1062 Attici
475 1032 663 1064 summa
707 1033 815 1065 cum
863 1017 1119 1083 religione·
1147 1024 1495 1081 temperarent.
1588 1016 1732 1067 Idem

279 1087 461 1137 dictum
518 1098 637 1155 puta
694 1093 754 1139 de
810 1099 1059 1157 anapaesto
1108 1094 1391 1158 tribrachyn
1434 1092 1724 1156 excipiente.

279 1162 439 1224 Quam
463 1180 566 1213 rem
593 1167 708 1216 mihi
732 1166 900 1216 videor
923 1185 1021 1217 non
1047 1169 1200 1217 solum
1223 1169 1408 1232 primus
1427 1168 1725 1231 observasse,

277 1242 364 1289 sed
409 1242 623 1307 ejusdem
671 1243 835 1291 itidem
882 1245 1121 1293 rationem
1162 1251 1413 1292 assecutus
1459 1258 1579 1291 esse.
1650 1242 1726 1292 Ea

277 1324 441 1366 autem
467 1333 528 1365 ex
550 1324 862 1376 accentuum,
893 1335 1038 1383 quam
1063 1335 1209 1382 supra
1239 1318 1538 1376 tradidimuS,
1562 1317 1726 1369 indole

275 1402 425 1462 atque
442 1395 644 1461 ingenio
665 1396 877 1458 petenda
895 1402 982 1443 est.
1015 1394 1215 1459 Nempe
1234 1396 1326 1443 hoc
1342 1401 1486 1459 pacto
1503 1393 1725 1452 efficitur,

277 1477 333 1519 ut
378 1470 587 1535 proximi
633 1471 729 1519 duo
750 1497 754 1499 -
774 1476 1005 1518 accentus
1061 1477 1270 1535 quatuor
1315 1470 1606 1536 syllabarum
1652 1470 1725 1518 in-

280 1549 309 1579 *
327 1547 528 1596 tervallo
551 1542 614 1596 ab
638 1548 846 1597 invicem
870 1548 1066 1606 distent,
1103 1542 1217 1597 non*
1237 1548 1341 1596 sine
1374 1547 1514 1614 gravi
1535 1547 1722 1595 aurium

280 1626 575 1676 offensione:
1182 1646 1185 1649 ⁴

451 1720 515 1763 Εν
548 1737 668 1763 ‘roco-t
702 1736 874 1780 τοιχοις·
907 1714 1117 1780 ε’·γραφον
1151 1713 1362 1769 Αθήναιοι
1394 1721 1536 1762 καλοι.

276 1802 515 1853 Rescribe
538 1818 654 1851 vero
679 1802 988 1866 conspirante
1008 1808 1058 1849 et
1075 1807 1336 1866 syntaxeos
1359 1808 1408 1850 ct
1431 1806 1720 1866 accentuum

277 1877 487 1935 ratione,

502 1957 563 2000 Εν
598 1956 720 2000 τοῖσι
754 1956 922 2018 τοίχοις
957 1953 1129 2018 ἑὙραφ,
1170 1954 1383 2009 Αθήναιοί
1416 1960 1557 2001 καλοι.

277 2029 337 2078 V.
361 2039 462 2080 270.
500 2033 694 2076 Πολλων
728 2050 824 2091 ’γαρ
859 2050 985 2076 εστιν
1019 2026 1149 2085 ἥδιον,
1185 2051 1219 2075 ω
1249 2033 1415 2085 Φαλης,
1452 2027 1646 2092 Φαλης.]

276 2121 470 2165 Πολλων
503 2114 831 2182 &Saeve-Quis
871 2131 1087 2179 unquam
1127 2116 1195 2163 ita
1236 2115 1426 2163 locutus
1466 2114 1578 2165 est?
1623 2116 1724 2166 Re-

274 2193 434 2242 scribe
455 2208 572 2241 vero
595 2207 705 2240 cum
732 2191 985 2257 Scaligero
1010 2192 1254 2254 ΠολλῳᾹἏ
1311 2191 1410 2240 Sed
1434 2209 1496 2241 ne
1519 2193 1588 2241 ita
1614 2193 1722 2257 qui-

276 2305 307 2347 δ’
339 2305 553 2357 depecta-uie?
624 2302 795 2341 Meineke
841 2317 876 2353 p.
909 2308 971 2341 14.

274 2370 473 2421 Philippus
528 2369 626 2419 apud
680 2369 819 2406 Athen.
866 2379 971 2414 Vin,

1027 2303 1067 2344 δέ
1082 2304 1265 2354 βασιλεὺς
1287 2304 1389 2343 θεῶν.
1440 2305 1535 2343 Dele
1564 2305 1723 2356 particu-

1026 2369 1105 2406 lam
1123 2368 1163 2406 δέ
1181 2381 1262 2419 quae
1281 2375 1378 2407 recte
1396 2370 1498 2407 deest
1516 2370 1552 2407 in
1575 2370 1725 2408 Stobaeo

1027 2434 1291 2472 Gesneriano.’'
1352 2434 1537 2481 Mdmke,
1583 2447 1619 2483 p.
1659 2438 1721 2472 15.

275 2438 368 2481 359.
405 2437 455 2472 Α.

273 2504 361 2542 ἐστι
351 2499 503 2555 ιφράζε
523 2498 683 2546 δήποτε,
710 2497 837 2548 Lege’
839 2499 971 2536 Απαν-

276 2582 330 2605 τα
384 2580 460 2618 γαρ
515 2561 603 2602 ἱκάν’
657 2562 754 2602 ἐστι·
773 2561 900 2599 —R.
923 2562 970 2599 P.

277 2631 420 2671 Advss.
450 2642 487 2679 p.
506 2632 595 2672 107.
628 2627 866 2665 Nicostratus
898 2639 970 2675 111,

277 2697 325 2735 C.
351 2693 490 2733 λευκός·
526 2692 577 2731 τὰ
594 2693 668 2746 ’γιῖρ
690 2693 819 2746 πάχος
839 2692 971 2747 ν’περέ-

276 2775 396 2798 κυπτε
432 2758 504 2796 τοῦ
537 2757 657 2794 κανοῦ.
715 2762 739 2779 “
773 2756 883 2807 Lege,
919 2760 971 2795 τό

275 2826 407 2879 πάχος
424 2821 511 2875 γάρ.
539 2820 738 2859 Philemon
751 2822 849 2870 apud
865 2821 967 2860 Cler.

277 2903 314 2940 p.
333 2887 424 2929 306.
453 2888 577 2927 δοῦλοι
597 2886 787 2936 βασιλέως
817 2889 916 2925 dciv·
946 2888 970 2924 ὁ

518 2433 651 2472 “A-nav
635 2450 706 2471 ντα
741 2434 861 2487 γαρ’
863 2449 929 2470 καν
912 2434 971 2471 νόν

1026 2498 1114 2536 Vid.
1133 2498 1263 2535 Herm.
1281 2498 1325 2535 de
1342 2503 1451 2536 metr.
1471 2510 1534 2547 pp.
1551 2501 1643 2544 158,
1663 2501 1704 2542 9.

1082 2568 1171 2602 124.
1213 2568 1235 2586 “
1265 2562 1554 2601 Sanctamandus
1567 2575 1580 2598 .·
1623 2561 1724 2613 Lege

1024 2628 1177 2680 Πολλῳ.
1233 2631 1343 2678 atque
1390 2625 1445 2664 ita
1495 2624 1725 2675 Gryphiusl'

1024 2692 1261 2744 Burgessius.
1303 2690 1413 2730 Conf.
1434 2691 1585 2728 omnino
1606 2690 1656 2728 R.
1674 2688 1722 2727 P.

1023 2757 1121 2807 apud
1135 2755 1302 2794 P.P.D.
1323 2755 1565 2805 Hipparchus
1580 2753 1721 2792 Stobaei

1022 2820 1059 2858 in
1087 2820 1186 2859 Flor.
1217 2834 1254 2871 p.
1277 2823 1367 2864 229.
1400 2818 1522 2866 Grot„
1559 2817 1667 2856 Πολ-ἴ
1682 2816 1718 2865 γ’

1021 2883 1108 2926 ἐστὶ
1135 2886 1263 2934 κτῆμα
1285 2884 1524 2933 τιμιώτατον
1545 2882 1720 2921 ''Arae-w
