1864 3132
935 208 1036 260 552

270 331 463 375 censeo,
505 338 586 368 τας
625 316 836 374 αικιοιςχὲῗ68
878 311 966 367 νθῙ
999 317 1162 382 potius
1204 340 1377 378 αικειας,
1421 319 1522 370 sive
1547 330 1700 384 ’ᾳκσιας

269 415 517 444 εκτισουσιν
548 392 764 458 injurias
792 394 1088 460 persolvent.
1159 394 1240 445 Sic
1262 412 1384 445 verS.
1403 401 1503 446 650.

336 495 399 540 Εν
439 513 508 539 ετι
559 490 695 557 ζητω,
738 514 844 549 πως,
888 513 1007 550 urst-ts·
1045 499 1169 562 οφλη
1212 516 1333 559 παρα
1377 516 1469 547 τοις
1509 517 1702 562 αρχονσι

471 565 598 625 δικην
618 591 698 630 τῳ,

338 648 485 694 Ποθεν
518 655 743 697 ΕΚΤΙΣΕΙ
773 655 1028 707 TAYTHN3
1037 674 1172 684 ——

273 714 390 781 Eur.
416 733 564 782 Herc.
589 743 690 788 983

338 831 567 870 ΕΧΘΡΑΝ
598 845 810 888 πατρῳαν
843 832 1095 871 ΕΚΤΙΝΩΝ

272 920 390 969 Dixi
432 929 594 970 autem
640 946 798 974 αικειας
841 923 941 970 Sive
976 945 1117 985 ᾳκειας
1161 923 1320 986 potius
1359 939 1504 988 quam
1549 930 1700 985 αικιαξ,

270 1003 532 1061 propterea
555 999 685 1063 quod
712 999 841 1046 inter
863 1021 985 1060 ᾳκεια
1010 1005 1059 1047 et
1081 1022 1196 1061 ᾳκης,
1221 1001 1350 1064 apud
1374 1000 1518 1048 Ionas
1542 1001 1700 1060 αέικης,

229 1124 232 1127 ,
270 1074 440 1122 eadem
465 1082 685 1123 servatur
707 1075 946 1141 analogia,
973 1091 1082 1140 quae
1100 1076 1229 1124 inter
1246 1081 1428 1134 αλῃθεια
1452 1084 1501 1126 et
1523 1081 1706 1138 αληθης,

271 1157 546 1215 caeteraque
564 1146 612 1198 id
627 1167 786 1217 genus
802 1151 979 1199 omnia.

269 1240 382 1293 pag.
407 1237 479 1275 32.
516 1227 546 1274 l.
573 1238 614 1275 3.
643 1225 729 1293 [P.
749 1227 808 1277 V.
832 1225 980 1294 476.].

421 1319 656 1367 Πεπονθας
691 1316 848 1378 qne-*9²⁶⁴

325 1448 416 1488 263.
446 1453 472 1473 “

269 1507 378 1555 aliter
395 1514 688 1553 subaudiendum
713 1514 823 1562 δικην,
853 1531 961 1561 τιμη-

268 1597 334 1630 μα,
363 1585 428 1618 aut
457 1580 544 1630 q'uid
575 1578 663 1626 tale,
692 1579 790 1629 quod
818 1578 963 1616 durius-

248 1646 398 1684 ·culum
434 1645 600 1683 videtur?
657 1643 960 1682 Sanctamandus.

271 1711 481 1762 Vulgatam
509 1711 535 1749 l.
563 1710 696 1760 probat
723 1709 887 1748 Dorvill.
913 1709 962 1747 ad

271 1777 414 1817 Charit.
462 1790 498 1827 p.
517 1775 610 1814 456.
664 1780 703 1814 et
738 1775 963 1826 subintelligi

269 1845 378 1891 putat
405 1857 477 1886 την
504 1840 636 1886 ὃικην.”
682 1838 862 1891 Burgess.
910 1839 962 1876 Et

270 1901 443 1956 Raper‘us
462 1906 509 1943 ad
534 1906 611 1943 Av.
633 1903 750 1958 1046.
787 1904 962 1956 intelligit

268 1970 380 2017 δίκην.
408 1975 434 1994 “
450 1971 512 2010 Sic
528 1971 566 2008 in
585 1971 702 2021 Vesp.
721 1969 813 2014 716.
829 1972 962 2023 ξεινῖας

269 2037 427 2089 φεύγων.
457 2036 611 2086 Ellipsis
622 2036 660 2073 in
670 2034 963 2086 jurisprudentia

269 2101 401 2138 Attica
427 2100 635 2138 notissima.
685 2098 821 2136 Pollux
851 2110 957 2135 vul.

272 2178 305 2203 c.
323 2163 361 2203 6.
390 2165 420 2210 ξ
438 2162 503 2201 46.
550 2163 708 2215 Lysiam
737 2165 775 2200 ἐν
792 2163 847 2214 τῷ
864 2163 958 2214 πρὸς

493 1450 568 1495 Tne
593 1464 708 1487 αικιας·
717 1471 770 1478 -
779 1450 843 1487 An
853 1451 932 1487 ’τας-
948 1452 961 1486 ?

270 2227 529 2282 Ἱπποκράτην
572 2229 687 2264 αἰκίας
727 2225 868 2263 laudat.
923 2230 959 2262 et

268 2293 365 2331 inter
377 2290 644 2329 Demosthenis
659 2290 841 2328 orationes
855 2294 959 2327 extat

272 2357 297 2394 o·
331 2355 434 2394 κατᾶ
462 2354 634 2392 Κόνωνος
669 2355 784 2393 αἰκίας
812 2352 957 2402 λόγος.”

273 2420 383 2460 conf.
402 2420 495 2458 Lex.
517 2420 712 2471 Sangerm.
729 2420 767 2457 in
785 2433 877 2458 voce
894 2432 957 2470 pp.

272 2485 367 2534 356,
386 2483 478 2524 360.
509 2486 573 2537 [an
600 2485 769 2536 assault}
812 2485 868 2523 lb.
897 2498 960 2523 no·

244 2558 247 2559 ⁷
272 2550 429 2589 tandum
443 2560 586 2600 quoque
600 2549 740 2585 Αἲκῶςῑ
765 2548 960 2602 χαλεπῶς,

207 2624 209 2626 ’
275 2614 522 2665 δισυλλαβός,
537 2612 616 2651 dm?
630 2614 699 2658 τῆς
713 2615 842 2651 αἰκίας.
861 2612 959 2649 οὕτω

272 2680 452 2727 Πλάτων,
480 2684 629 2729 propter
654 2678 770 2727 Soph.
789 2678 851 2715 El.
871 2682 961 2716 102.

272 2759 384 2799 quem
402 2745 658 2796 suspicabatur
676 2741 726 2780 R.
742 2743 789 2780 P.

327 2809 420 2851 264.
446 2814 469 2835 “
487 2809 675 2849 accinente
685 2807 862 2847 Heathio.
898 2807 958 2847 Sic

1012 1152 1231 1201 Emenda
1245 1154 1402 1202 obiter
1410 1153 1703 1219 AEschylum

876 1339 987 1378 πημ,
1023 1319 1308 1385 αποσφαλεις.
1339 1326 1527 1386 φρενων.

1015 1449 1054 1487 in
1073 1450 1163 1487 Eur.
1183 1450 1369 1488 Androm.
1390 1453 1479 1487 131.
1506 1447 1706 1498 legendum

1017 1513 1247 1565 ᾀκέλιονφΐο
1265 1512 1444 1553 αἐικέλιον
1458 1527 1470 1558 ;
1490 1519 1531 1550 ut
1541 1516 1704 1551 mettum

1015 1591 1146 1616 versus
1180 1591 1256 1616 non
1291 1584 1411 1630 rogat,
1448 1578 1512 1616 sed
1546 1575 1705 1627 flagitat.

1018 1645 1171 1683 Frustra
1198 1643 1310 1695 igitur
1338 1642 1510 1681 Dawesii
1533 1641 1709 1680 ernenda-

1015 1708 1105 1746 tioni
1124 1712 1306 1759 repugnat
1323 1706 1374 1745 R.
1389 1706 1459 1745 Ph.
1475 1705 1638 1744 Brunclc.
1655 1704 1705 1744 ad

1017 1770 1190 1822 AEschyl.
1224 1771 1416 1810 Prometh.
1447 1768 1559 1810 264?
1590 1769 1641 1808 R.
1655 1768 1704 1808 P.

1017 1835 1135 1875 Class.
1151 1835 1285 1875 Journ.
1324 1837 1401 1875 No.
1423 1848 1520 1885 xxv,
1554 1850 1592 1887 p.
1610 1838 1704 1875 458.

1017 1902 1196 1941 Similiter
1224 1904 1274 1949 ⁸P.
1307 1904 1358 1941 V.
1394 1908 1462 1948 93.
1529 1902 1704 1953 ‘vpotius

1016 1969 1210 2019 ᾴκείαισιν”
1248 1963 1398 2018 [αἰὲίαισι
1430 1967 1520 2005 MS.
1550 1966 1706 2019 Bigot.],

1016 2038 1085 2070 “et
1097 2036 1186 2076 177.
1201 2031 1358 2083 q’xec'acss'
1374 2032 1483 2070 R.P.
1501 2032 1550 2070 ib.
1565 2029 1704 2082 pf457.

1013 2103 1050 2135 et
1066 2098 1112 2134 ad
1133 2097 1249 2146 Soph.
1280 2098 1339 2135 El.
1367 2102 1446 2143 489
1465 2101 1588 2148 (487).
1625 2097 1702 2136 AI-

1013 2163 1206 2200 ΚΕΙΑΙΣ
1232 2163 1374 2202 Advss.
1399 2177 1435 2213 p.
1462 2168 1554 2209 209.
1594 2163 1703 2203 Aris-

1012 2229 1116 2278 toph.
1145 2230 1223 2266 Av.
1246 2227 1365 2273 1670.

1011 2293 1191 2344 βλέπων”
1209 2294 1260 2333 R.
1274 2294 1322 2333 Β.
1362 2294 1423 2333 Sic
1444 2294 1532 2333 MS.
1553 2295 1645 2333 Vat.
1664 2294 1703 2333 U

1013 2359 1111 2409 apud
1131 2352 1311 2404 Kuster.ss
1341 2359 1425 2397 vide
1454 2358 1504 2396 R.
1524 2358 1571 2397 P.
1603 2359 1702 2409 apud

1013 2424 1062 2461 P.
1083 2423 1130 2461 P.
1153 2423 1207 2462 D.
1248 2428 1271 2447 “
1294 2424 1422 2462 Schol.
1451 2437 1487 2474 p.
1505 2426 1606 2469 427'·
1637 2424 1701 2474 (ad

1016 2486 1148 2538 1568.)
1175 2493 1201 2511 “
1222 2487 1245 2525 l.
1274 2487 1344 2526 τοίς
1372 2487 1630 2536 κνήμας-,τινάς
1648 2491 1706 2526 αἲ·

1013 2554 1103 2590 uiae.
1157 2552 1300 2590 Athen.
1338 2564 1446 2598 xnx,
1476 2553 1610 2589 584?
1656 2546 1705 2591 C.

1016 2617 1138 2656 Locus
1170 2623 1240 2665 est,
1283 2617 1473 2671 ἐτύγχανε
1504 2616 1545 2655 δέ
1579 2620 1606 2663 η’
1636 2619 1704 2665 μὲν

1014 2684 1139 2720 αἰτίαν
1152 2681 1314 2736 ἔχουσα·
1341 2682 1394 2719 sic
1410 2680 1528 2718 MSS.
1543 2687 1580 2719 et
1591 2682 1673 2720 edd.
1689 2696 1709 2728 ς

1014 2758 1061 2783 ex
1092 2757 1205 2795 supra
1240 2744 1365 2783 allatis
1409 2746 1528 2783 αἰκίαν
1572 2745 1705 2796 legisse

1012 2815 1115 2862 patet
1132 2809 1185 2849 R.
1199 2809 1265 2850 Β.;
1287 2809 1414 2850 Schol.
1425 2809 1472 2849 ad
1486 2808 1640 2850 Lucian.
1657 2809 1702 2848 de

1407 2234 1429 2252 “
1445 2229 1558 2281 forte
1583 2230 1706 2268 αἴκὶαν
1767 2266 1772 2271 ,
