1864 3132
948 234 1016 281 54

267 341 343 391 Ibi
365 341 535 405 utique
557 340 772 403 loquitur
793 340 853 387 de
877 340 1032 403 epodo
1055 339 1324 387 Horatiano

342 426 671 492 Trahuntque
692 426 852 474 siccas
872 407 1114 475 machinae
1137 426 1339 475 carinas
1359 443 1374 473 .·

266 518 383 565 illud
421 523 600 575 autem,
643 514 971 582 Trahuntque
1003 516 1176 575 siccas,
1211 523 1398 580 partem
1432 513 1586 563 iambi
1616 530 1700 579 ap-

268 595 430 660 pellat.
489 594 677 642 Rursus
700 593 802 657 ipsa
824 594 914 640 hac
936 610 1047 658 pag.
1083 594 1113 640 l.
1141 605 1180 646 7.

336 683 667 747 Trahuntque
702 683 851 730 siccas
879 682 1041 745 portio
1077 689 1149 730 est
1182 683 1342 730 iambi.

271 774 342 821 Pa
383 811 391 819 .
424 784 516 820 110.
553 771 582 819 l.
615 783 678 824 17.

314 789 392 897 Aget
409 847 497 896 hoc
515 847 754 896 dimetron
764 846 1022 910 perspici&
1040 864 1208 895 amore
1218 847 1506 911 perculsum
1523 843 1704 912 gravi]

271 938 518 988 Nimirum
558 938 652 984 hoc
702 937 953 984 venditant
998 937 1205 984 editores
1250 953 1342 1001 pro
1386 937 1593 985 iambico
1636 943 1707 985 te,-

271 1018 516 1060 trametro.
597 1011 747 1074 Atqui
793 1011 886 1058 hoc
932 1011 1072 1058 metri
1127 1027 1284 1077 genus
1341 1011 1427 1058 soli
1483 1012 1715 1059 videntur

272 1089 444 1137 comici
467 1089 598 1151 iique
621 1104 720 1136 non
746 1087 838 1134 nisi
864 1088 1026 1136 Latini
1048 1089 1388 1136 adhibuisse.³⁷
1444 1088 1559 1137 Nec
1592 1105 1710 1137 vero

273 1171 470 1229 recepta
510 1164 655 1212 lectio
699 1178 866 1211 verum
923 1163 1182 1210 iambicum
1229 1163 1442 1226 praefert.
1515 1163 1710 1227 Quippe

272 1244 321 1290 in
348 1247 522 1305 quarta
543 1241 657 1288 sede
679 1239 827 1287 iambi
857 1239 965 1286 loco
987 1239 1122 1286 venit
1155 1240 1475 1305 pyrrhichius.

274 1324 323 1369 in
347 1323 466 1368 duos
490 1320 719 1367 dimetros
744 1317 894 1365 divisa
916 1317 1133 1380 oportuit
1154 1337 1164 1366 :

342 1410 419 1458 Ad
443 1409 531 1457 hoc
556 1408 796 1457 dimetron
813 1405 1075 1469 perspicis,

342 1488 522 1534 Amore
545 1484 822 1549 perculsum
846 1482 1042 1548 gravi.³⁸

1549 1239 1713 1287 Verba
1780 1313 1786 1318 .
1806 1269 1816 1277 ·

274 1572 560 1640 Cujusmodi
582 1576 656 1620 est
679 1571 763 1634 qui
787 1570 1019 1633 continuo
1042 1571 1276 1634 sequitur,

345 1660 597 1725 Semelque
620 1665 667 1707 et
687 1657 822 1707 istud
827 1657 1044 1724 functus
1067 1665 1153 1707 est.

331 1761 396 1801 37.
426 1755 616 1794 Iambicos
634 1759 869 1793 tetrametros
889 1766 975 1792 aca-

274 1809 465 1861 talecticsss
499 1820 639 1858 Graeea
673 1818 857 1857 comoedia
899 1830 975 1856 non

277 1887 455 1926 admittit.
511 1884 671 1922 Cratetis
706 1883 820 1920 verba
860 1882 973 1933 [apud

278 1949 615 2001 Harpocrationem
661 1953 698 1985 et
742 1946 897 1985 Suidam
934 1960 972 1984 v.

278 2016 494 2069 Παρουσὶα]
523 2019 545 2037 “
562 2013 617 2051 ita
631 2011 858 2061 disponenda
876 2016 974 2058 sunt,

270 2082 464 2137 ’Ἔχοντες
484 2077 629 2128 εὐσταθῆ
640 2076 741 2126 βίον,
757 2077 975 2129 Παρουσίαν

280 2164 326 2185 τε
346 2142 569 2203 χρημάτων.
610 2142 654 2180 In
672 2143 829 2180 eundem
846 2154 977 2191 scopu-

280 2211 359 2249 lum
378 2209 533 2259 impegit
550 2207 751 2260 [Toupius]
776 2208 823 2245 ad
841 2206 979 2257 Lorigi-

265 2289 371 2320 ,num
405 2276 433 2321 ξ.
470 2283 678 2310 xxxvul.
723 2263 785 2310 ubi
823 2270 978 2311 >Comici

280 2341 396 2379 verba
427 2339 482 2376 ita
515 2338 743 2387 disponenda
776 2343 879 2375 erant
896 2352 905 2375 :
922 2360 977 2369 —-

281 2406 401 2460 ὄγμον
425 2402 549 2457 ''Eo’x’
575 2401 731 2441 ἐλάττω
758 2403 828 2451 ιγῆν
845 2401 976 2456 ἔχοντ’

283 2468 489 2514 ἐπιστολῆς
510 2468 757 2514 Λακωνικῆς.”
786 2468 834 2505 R.
850 2467 894 2504 P.
927 2466 976 2508 ad

284 2537 404 2585 Toup.
432 2545 494 2583 pp.
512 2534 604 2576 454,
619 2534 654 2570 5.
682 2544 793 2586 quem
816 2530 912 2570 conf.
939 2531 977 2569 in

286 2602 363 2639 PR.
387 2597 434 2636 ad
464 2596 553 2634 Eur.
578 2596 654 2633 PP.
673 2595 979 2634 xl-ii=xliii-

285 2667 336 2705 vi.
378 2663 464 2702 Hoc
483 2666 643 2698 metrum
670 2667 726 2698 est
744 2661 889 2698 Latinae
907 2660 982 2698 Co-

288 2729 436 2771 moediae
454 2726 663 2776 propfium
687 2725 772 2763 vide
790 2726 838 2770 Rp
858 2726 903 2764 Β.
932 2724 981 2762 ad

290 2796 372 2841 Cic.
389 2793 584 2850 Tusa-pp.
602 2792 695 2829 425.
714 2793 806 2833 428,
829 2794 922 2835 441.
943 2794 981 2829 et

1029 1754 1118 1792 Cur.
1127 1767 1199 1792 sec.
1211 1768 1248 1805 p.
1258 1760 1322 1794 28.
1336 1757 1501 1796 Incertus
1508 1759 1606 1808 apud
1614 1760 1717 1799 Non.

1029 1819 1201 1857 Marcell.
1230 1833 1265 1869 p.
1285 1824 1375 1860 508.
1421 1823 1720 1874 Hominemspea·

1028 1889 1116 1930 tum,
1130 1885 1227 1935 quod
1237 1885 1307 1923 illoe
1314 1889 1555 1936 per-venibunt
1567 1890 1721 1930 divitie.

1030 1949 1140 2000 Lege,
1186 1949 1219 1987 Ο
1255 1951 1428 1990 hominem
1461 1954 1615 2004 beatum,
1649 1967 1721 2007 quo

1026 2015 1099 2053 illae
1112 2015 1354 2064 per-venibunt
1371 2017 1512 2057 divitiae
1523 2033 1535 2056 :
1554 2025 1611 2058 est
1626 2019 1722 2058 Tro-

1029 2081 1192 2120 chaicus.
1223 2081 1270 2119 R.
1293 2082 1339 2121 B.
1377 2083 1493 2134 Trag.
1520 2084 1648 2124 incert.
1674 2084 1721 2124 fr.

1030 2145 1127 2195 apud
1146 2145 1258 2184 Voss.
1285 2159 1322 2196 p.
1341 2145 1429 2186 162.
1462 2149 1556 2200 lege,
1574 2148 1722 2187 Multos

1029 2222 1142 2247 annos
1158 2209 1269 2247 latuit
1279 2225 1295 2254 ;
1324 2211 1421 2248 cives
1436 2212 1547 2264 ferte
1565 2225 1667 2263 opem
1684 2218 1723 2252 et

1028 2274 1259 2327 restinguite.
1304 2277 1365 2315 vel
1399 2278 1534 2327 potius,
1567 2290 1633 2317 vos
1666 2291 1725 2317 re·
1791 2310 1805 2319 ,

1016 2339 1127 2391 ferte
1151 2352 1185 2377 ο.

1082 2407 1148 2442 38.
1177 2403 1407 2452 Percussum,
1426 2406 1519 2445 Hor.
1534 2407 1653 2456 Epod.
1670 2408 1723 2464 xi,

1031 2474 1068 2510 2,
1089 2469 1135 2506 R.
1145 2469 1189 2506 B.
1207 2474 1245 2507 et
1256 2470 1393 2509 Valck.
1412 2471 1459 2508 ad
1478 2470 1592 2521 Hipp.
1608 2475 1723 2510 1303.

1034 2535 1160 2573 Recte.
1205 2534 1270 2582 sic,
1307 2535 1472 2579 Quarum
1505 2528 1623 2574 sacra*
1631 2535 1725 2589 fero

1032 2613 1163 2652 magno
1187 2603 1386 2651 'percussus
1413 2614 1533 2639 amore
1561 2601 1655 2640 Geo.
1675 2614 1727 2650 11,

1033 2663 1124 2708 476.
1181 2666 1268 2704 AEn.
1293 2678 1359 2713 1x,
1397 2669 1485 2711 197.
1538 2666 1727 2715 perculsus

1034 2733 1154 2766 autem
1208 2730 1342 2769 citavit
1396 2729 1538 2768 Graius
1580 2736 1726 2773 nostras

1035 2805 1070 2849 p.
1099 2796 1189 2842 319.
