1864 3132
849 191 918 238 95

167 294 443 359 scripserat
466 292 646 363 opinor
678 291 852 355 aliquis
871 292 1077 359 alicujus
1102 291 1279 361 codicis
1302 291 1380 346 vel
1400 291 1452 339 in
1476 308 1600 344 mar-

164 373 282 439 gine
305 371 382 419 vel
403 368 704 426 interlineas
726 384 896 421 vocem
919 393 1078 421 αιετων
1106 376 1338 435 tanquam
1352 369 1601 435 *interpre-

166 453 434 494 tamentum
479 466 559 492 του
612 455 749 499 ΔΙΟΣ
787 454 1060 502 ΟΡΝΙΧΩΝ,
1118 461 1217 492 non
1272 459 1410 492 secus
1452 450 1601 507 atque

165 523 218 570 in
242 521 433 570 scholiis
467 543 557 568 των
586 543 806 586 vem-epm
834 520 980 567 hodie
1013 520 1194 586 legitur
1227 521 1290 568 ad
1324 520 1515 586 Olymp.
1542 535 1598 567 11.

170 609 265 651 159.
303 619 382 644 τον
415 599 530 644 θειον
558 606 774 644 ΟΡΝΙΧΑ
797 618 879 643 του
903 607 1056 654 ΔΙΟΣ,
1092 618 1229 659 η’γουν
1257 619 1338 645 τον
1371 608 1599 647 ΑῘΕΤΟΝ.

166 674 288 722 Inde
322 673 505 722 factum
540 679 594 720 ut
628 673 792 720 nescio
828 672 934 735 quis
970 672 1212 736 sy'llabicae
1236 695 1317 720 του
1346 683 1599 722 ΟΡΝΙΧΩΝ

165 751 448 815 quantitatis
491 751 692 815 ignarus
736 751 941 802 alterum
999 750 1128 802 istud
1180 772 1336 799 αιετων
1390 749 1603 798 infausta

166 842 313 881 manu
335 827 387 879 in
412 832 692 879 contextum
715 825 968 879 invexerit.
1004 878 1006 880 ,
1038 825 1151 874 Nec
1180 842 1297 873 vero
1334 833 1438 877 Διος
1458 846 1603 876 aces-oc

165 904 266 952 sive
301 902 443 955 Jovis
480 902 652 969 aquila
694 910 772 957 sat
813 904 1063 971 commode
1107 904 1344 967 appellari
1388 903 1601 967 potuisse

163 982 370 1039 videtur,
403 988 728 1045 praeterquam
766 981 912 1028 unica
950 981 1031 1028 illa
1065 996 1210 1044 quam
1243 980 1278 1029 ,J
1281 981 1360 1030 ovi
1382 981 1602 1031 adsidere

162 1063 352 1106 veteres
375 1057 683 1123 fingebant.⁴²

99 1218 106 1224 ·
165 1154 309 1219 Pyth.
337 1171 407 1203 lx.
445 1166 540 1209 193.
578 1160 765 1224 Καρπον
786 1158 1014 1212 ανθησαντ
1035 1152 1290 1220 αποδρεψαι
1313 1152 1510 1219 εθελον.]

166 1253 454 1318 *Principio
478 1258 648 1300 contra
680 1259 954 1316 temporum
990 1251 1327 1318 syllabicorum
1363 1252 1601 1299 rationem

164 1329 304 1378 verbi
339 1327 593 1395 αποδρεψαι
629 1329 798 1377 ultima
834 1334 1069 1392 sequente
1110 1329 1263 1377 vocali
1302 1329 1600 1393 producitur.

168 1404 361 1453 Deinde
399 1412 561 1453 autem
602 1421 664 1452 ne
700 1405 933 1452 sermonis
969 1405 1163 1467 quidem
1198 1406 1466 1470 integritati
1489 1405 1602 1452 satis

169 1471 451 1530 consuitum'
483 1485 569 1526 est.
658 1479 733 1529 Ea
774 1480 943 1544 utique
988 1481 1188 1533 verbum
1233 1481 1445 1532 medium
1490 1503 1602 1527 απο-

167 1551 424 1619 δρεψασθαι
478 1554 721 1617 postulat;
791 1545 890 1616 quo
951 1556 1093 1602 modo
1149 1556 1281 1619 apud
1335 1555 1602 1603 Hesiodum

169 1629 431 1694 Theogon.
457 1640 527 1677 30.
574 1629 782 1694 legimus
803 1657 870 1665 -—
891 1627 1056 1696 δαφνης
1086 1634 1308 1696 εριθηλεος
1339 1631 1439 1696 οζον
1471 1643 1603 1684 ΔΡΕ-

169 1719 382 1757 ῩΑΣΘΑΙ
426 1707 594 1764 θηήτον
613 1734 682 1743 -
704 1707 877 1772 Itaque
931 1715 1140 1773 utraque
1203 1725 1258 1757 re
1314 1709 1603 1774 conjurante

169 1785 368 1839 omnino
417 1785 780 1834 rescribendum
831 1793 904 1834 est
954 1788 1379 1838 ΑΠΟΔΡΕΨΑΣΘὣ
1434 1791 1602 1841 εθελον.

169 1924 310 1970 aethera
325 1924 418 1962 forte
427 1930 547 1969 tuum,
563 1927 611 1968 R.
622 1927 688 1972 B.;
710 1927 859 1974 aethera,
913 1929 1045 1978 piersio
1058 1931 1352 1970 communicavit
1365 1932 1606 1972 Clarissimus

171 1988 300 2037 Ponte,
315 1995 416 2027 tuum
428 1990 639 2030 felicissime
649 1993 863 2041 persanavit
915 1991 970 2030 D.
980 1991 1041 2039 R„
1058 1993 1111 2030 sic
1124 1995 1297 2032 emendat
1307 1994 1357 2033 R.
1367 1995 1414 2033 P.
1427 1998 1607 2036 Adverss.

170 2053 372 2093 Withofius
390 2055 503 2094 Misc.
525 2057 619 2094 Obs.
636 2057 739 2095 Nov.
765 2058 811 2095 T.
830 2068 861 2095 1.
916 2070 953 2110 p.
965 2061 1049 2102 47.;
1071 2056 1190 2109 Ἕξω,
1205 2058 1362 2112 μακράν,
1375 2062 1465 2114 παρ’
1478 2060 1607 2108 αὕη-δν,

170 2132 207 2169 p.
246 2123 334 2163 137.
401 2120 485 2163 Sen.
529 2120 580 2158 H.
620 2122 704 2159 Fur.
745 2127 861 2160 1110.
915 2122 1010 2174 ιῖπὲρ
1023 2121 1151 2169 miv-dv,
1167 2122 1285 2171 κάτω,
1297 2123 1401 2162 Ἀνω
1413 2125 1608 2180 βραχεῖαν

172 2181 240 2228 Et,
283 2182 344 2231 qui
378 2182 503 2225 melius
537 2188 602 2222 tua
636 2185 710 2223 tela
745 2191 864 2224 tamen
916 2185 1099 2228 ἀπόδοσιν
1127 2186 1404 2240 καταστρέφει,
1452 2189 1498 2227 In
1530 2190 1609 2241 Ly·

174 2244 358 2292 Senserat,
416 2258 491 2289 aer,
540 2248 651 2285 oetlzer
701 2249 865 2298 praetulit
916 2251 1421 2302 curgifragmentoaRutilio
1430 2252 1607 2293 Latinum

174 2308 224 2347 R.
236 2309 282 2346 B.
301 2314 338 2346 et
349 2309 440 2346 citat
452 2309 668 2360 Hipp.817.
690 2314 771 2352 OEt.
790 2317 863 2361 15.,
915 2317 1027 2362 facto,
1054 2321 1091 2353 et
1118 2328 1143 2353 a
1166 2315 1380 2354 doctissimo
1409 2316 1609 2369 Burgessio

175 2377 199 2395 “
215 2384 298 2422 quae
342 2371 470 2409 fabula
505 2373 652 2416 Senecae
687 2389 759 2421 non
795 2383 863 2426 est,
916 2383 1057 2419 tentabo
1084 2390 1150 2427 pro
1183 2377 1336 2416 remisse
1363 2379 1517 2428 paratis,
1553 2393 1609 2418 re-

174 2437 504 2488 quemadmodum,
525 2441 712 2490 octoginta
728 2442 862 2480 abhinc
915 2443 1016 2480 missi
1050 2455 1127 2480 esse
1166 2444 1329 2492 paratis,
1369 2444 1408 2480 'm
1440 2444 1608 2496 margine

175 2500 294 2547 annis,
319 2502 405 2551 jam
432 2503 604 2551 probavit
629 2505 862 2551 doctissimus
916 2507 1140 2558 exemplaiis
1159 2507 1215 2545 sui
1229 2505 1375 2559 reliquit
1387 2509 1565 2559 Toupius.

173 2565 237 2604 ille
267 2567 410 2610 Daniel
425 2568 600 2607 Heinsius
613 2571 652 2606 .·”
680 2571 727 2612 R.
747 2572 793 2611 B.
819 2573 863 2611 de
972 2574 1036 2608 42.
1066 2569 1178 2621 Pyth.
1200 2581 1231 2616 1,
1263 2574 1366 2607 10:
1379 2569 1418 2608 6.

178 2630 862 2685 Pseudo-Phal.p.138=77.Lennep,
974 2638 1037 2673 43.
1065 2633 1292 2687 ἀποδρέψαι
1317 2635 1446 2673 citavit
1470 2635 1606 2675 Valek‘

179 2695 404 2745 Antiphanis
458 2698 707 2749 fragmentum
767 2701 864 2751 apud
919 2700 967 2738 ad
986 2700 1125 2738 Rover.
1152 2711 1278 2737 val.
1324 2699 1437 2738 Nem.
1462 2713 1514 2746 11,
1547 2703 1607 2738 13.

180 2757 355 2813 Burgess.
389 2762 438 2799 ad
456 2761 495 2810 L,
530 2761 626 2811 quod
650 2774 738 2800 cum
766 2763 870 2815 Kop-
923 2765 1040 2812 Θαμιὶ
1062 2765 1130 2814 μὲν
1159 2762 1374 2814 Ἰσθμιάδων
1409 2763 1606 2817 δρέπεσθαι

1638 1264 1703 1314 56
