1864 3132
869 198 972 249 369

196 301 317 368 quin
334 300 582 368 trisyllaba
595 299 760 350 itidem
778 301 924 351 scribi
940 315 1130 366 semper
1145 299 1337 351 soleret.
1378 297 1630 365 Exempla,

198 377 241 426 si
261 385 417 438 vacat,
451 379 545 428 ista
565 377 792 444 perlege:

268 487 283 512 ¹
313 492 441 537 Εοικε
473 484 542 536 δια
574 494 749 537 πολλου
781 509 943 553 χρονου
976 510 1008 538 o·
1042 496 1349 539 ΩΡΑΚΕΝΑΙ.

268 573 288 600 ²
313 583 503 622 ΩΡΑΚΑ
537 596 718 623 παντων
749 576 1116 641 βαρβαρωτατον
1149 580 1271 627 θεων.

269 661 289 688 ³
314 665 580 729 Euvrpocflev
612 685 698 728 ονχ
731 673 922 711 ΩΡΑΚΑ
956 685 1168 722 votam-nv
1200 687 1345 731 χαριν.

268 750 290 778 ⁴
312 761 619 799 ΩΡΑΚΕΝΑΙ.
657 762 705 800 Β.
746 757 846 814 tle-y
865 774 992 800 ava-0.
1030 763 1082 800 A.
1118 757 1205 801 Tov
1227 775 1324 802 vovv
1349 773 1548 818 προσεχε
1569 748 1634 809 δη.

269 840 288 866 ⁵
313 849 541 887 ΩΡΑΚΑΣ
573 863 789 907 ηνυστρον
820 864 915 891 ποτ
947 864 1276 900 εσκευασμενον.

269 926 292 956 ⁶
313 933 356 977 Ο
386 951 449 986 μη
482 936 735 981 πεπλευκως
770 927 891 980 ονδεν
923 940 1152 980 ΩΡΑΚΕΝ
1185 953 1326 979 κακον.

271 1018 291 1047 ⁷
314 1027 543 1067 ΩΡΑΚΑΣ
576 1041 650 1068 ουν
683 1025 957 1087 φιλοσοφον,
991 1043 1212 1079 eme-not,
1245 1017 1375 1079 τινὰς

205 1137 571 1188 Emendationis
587 1147 751 1189 autem
773 1156 941 1189 ansam
959 1157 1058 1190 non
1082 1141 1435 1191 incommodam
1452 1142 1641 1207 praebet

207 1214 318 1265 MS.
355 1215 529 1266 Baroc.
566 1218 640 1281 [et
662 1218 766 1268 cod..
792 1217 858 1280 I.]
914 1218 997 1266 ubi
1033 1227 1231 1267 exarata
1268 1227 1383 1268 sunt

276 1361 290 1387 ¹
319 1366 386 1409 Pl.
411 1370 539 1412 1046.
608 1361 629 1390 2
653 1367 733 1411 Av.
759 1375 883 1416 1572.

209 1457 308 1499 pag.
339 1446 406 1484 15.
426 1432 527 1498 '[C.]
594 1439 647 1466 ⁴⁵
673 1441 857 1498 [Alexis]
883 1459 979 1501 pag.
998 1451 1071 1493 49.
1098 1444 1148 1498 Ε,
1177 1444 1228 1487 F.

214 1523 310 1562 154.
347 1518 396 1561 F.

210 1601 308 1645 279.
340 1593 438 1652 [Β.]

212 1749 275 1778 vx.
291 1743 330 1782 7.
350 1742 486 1788 p.247.
503 1739 584 1791 [B.]
596 1740 659 1776 οὐκ
669 1738 716 1777 ἄν
725 1754 826 1777 ποτε
835 1737 905 1777 Εὖ-

209 1803 352 1858 ριπίδης·
364 1809 517 1852 γυναῖκα
535 1804 674 1845 σώσει’.
693 1804 769 1859 οὐχ
787 1804 898 1857 ὁρᾷς-ε

214 1868 265 1907 R.
278 1867 326 1906 P.
345 1869 430 1919 juv.
442 1869 547 1918 *apud
571 1867 618 1906 Ρ.
627 1868 736 1906 P.D.
754 1869 802 1906 ad
820 1868 846 1906 l.
865 1873 902 1907 et

211 1935 250 1972 in
258 1934 400 1972 Advss.
415 1935 604 1984 p.84.‚sed
617 1940 746 1984 postea
758 1934 902 1972 accedit

212 1997 335 2036 amico
353 2010 433 2035 suo.
459 1996 571 2044 infra,
602 2003 638 2035 1.
655 1997 852 2051 ἑωρακέναι
866 2002 904 2036 et

214 2068 251 2102 2.
277 2062 424 2117 ἑόρακα
443 2062 496 2109 H,
524 2069 564 2101 et
585 2063 668 2100 edd.
696 2068 734 2101 3.
780 2077 837 2113 pr.
865 2067 903 2101 3.

212 2127 468 2180 Ἐμπροσθεν,
497 2127 571 2167 οὔθ’
603 2126 744 2181 ἑόρακα
779 2127 831 2166 R.
855 2127 904 2170 Ρ.

210 2190 358 2240 juvenis
367 2191 508 2228 Advss.
526 2204 561 2240 p.
570 2196 681 2236 47.4.
694 2193 721 2230 l.
734 2194 905 2247 πρόσχε.

221 2259 256 2293 5.
301 2260 325 2278 “
340 2253 533 2308 ἐόρακαφ”
569 2257 668 2306 (sic)
703 2263 727 2280 ‘⁴
746 2258 906 2296 πώποτε

216 2321 405 2374 §uvea-poi*
419 2343 475 2350 —
491 2321 652 2359 πώποτε
687 2322 906 2360 Eustathius

216 2400 360 2439 quoque
383 2387 432 2424 ad
461 2386 506 2424 Il.
534 2386 580 2423 B.
625 2399 661 2435 p.
689 2390 782 2433 211,
802 2391 898 2425 15=

222 2452 313 2501 160,
349 2453 419 2490 4.'’
475 2450 525 2488 R.
558 2449 607 2488 P.
664 2449 814 2501 juvenis
866 2451 906 2488 in

219 2519 359 2556 Advss.
388 2529 424 2566 p.
444 2520 511 2554 54.
539 2513 577 2554 6.
605 2514 767 2567 ἑώρακεν
785 2514 905 2553 MSS.

218 2583 522 2631 Grot.·Excerpt.
555 2593 591 2630 p.
612 2583 701 2617 815.
734 2580 800 2623 Βτ.
829 2580 907 2618 Gn.

218 2653 314 2696 poet.
331 2659 369 2696 p.
382 2651 473 2685 201.
502 2648 538 2689 7.
559 2642 729 2697 '‘sspaxae
740 2642 908 2681 Brunclc-

220 2711 277 2748 ius
288 2725 302 2754 ;
330 2709 487 2765 ἑόρακας·
517 2707 578 2747 οὖν
607 2713 648 2745 ut
679 2707 752 2745 fere
775 2707 909 2759 legitur

222 2787 257 2824 p.
276 2772 382 2818 279?
396 2773 440 2811 B,
477 2771 526 2811 R.
549 2771 593 2810 P.
627 2772 724 2822 apud
748 2770 913 2821 W'alpole

1557 1242 1642 1286 ουκ

951 1365 970 1390 ³
995 1367 1309 1424 [Damoxenus]
1334 1371 1464 1428 Apud
1484 1371 1641 1414 Athen.

1304 1440 1325 1468 ⁶
1346 1444 1643 1504 [Posidippus]

483 1516 864 1576 ⁷[Pseudo-Plato
893 1520 1117 1563 ⁷Comicus
1159 1535 1235 1576 111,
1283 1527 1377 1566 103.
1423 1522 1484 1566 D.
1532 1521 1640 1575 vu.]

956 1739 1066 1779 com.
1086 1739 1155 1778 Gr.
1183 1737 1318 1790 fragm.
1345 1752 1382 1790 p.
1400 1743 1437 1785 7.
1493 1745 1519 1764 “
1540 1740 1647 1781 Adde

956 1802 1119 1852 Eupolin
1129 1802 1325 1841 Plutarchi
1335 1802 1426 1842 Nic.
1447 1817 1478 1843 1.
1507 1818 1542 1855 p.
1555 1809 1645 1845 525.

956 1868 1003 1905 E.
1031 1867 1278 1906 Menandrum
1298 1880 1350 1907 11.
1374 1883 1416 1919 p.
1445 1873 1537 1909 525.
1572 1871 1650 1909 A.”

956 1931 1064 1970 R.P.
1080 1933 1129 1969 ad
1139 1932 1189 1970 R.
1198 1933 1252 1970 D.
1268 1933 1371 1971 locus
1384 1935 1576 1984 Eupolidis
1587 1936 1647 1974 hic

955 2001 1025 2042 est,
1050 1995 1168 2049 Ἀνήρ
1186 1999 1371 2046 ὁμολογεῖ
1383 2000 1518 2037 Νικίαν
1533 2003 1651 2054 ἑωρα-

957 2061 1066 2100 κέναι.
1124 2067 1149 2086 “
1167 2062 1367 2101 Menandri
1398 2065 1649 2116 fragmentum

958 2137 1007 2162 ex
1025 2125 1241 2164 Misumeno
1267 2127 1366 2176 apud
1394 2128 1587 2167 Plutarch.
1605 2129 1651 2167 de

961 2190 1081 2228 Divit.
1098 2192 1241 2229 Amore
1258 2205 1295 2241 p.
1312 2195 1403 2231 525.
1430 2196 1482 2232 A.
1502 2193 1652 2233 Ἀπολ-

959 2262 1029 2292 λον
1072 2252 1276 2307 ἀνθρώπων
1313 2255 1380 2294 τιν’
1419 2257 1652 2310 ἀθλιώτερον

959 2318 1139 2372 Ἐόρακας
1154 2335 1164 2365 ;
1183 2318 1242 2372 ἆρ’
1259 2319 1407 2372 ἐρόντα
1425 2322 1653 2374 δυσποτμό-

958 2398 1096 2436 repom
1143 2385 1205 2421 ubi
1244 2385 1521 2435 Wyttenbachii
1565 2402 1653 2428 con-

921 2443 926 2446 ’
952 2450 1110 2500 jectura,
1148 2448 1335 2501 κᾰρῶντα,
1375 2459 1538 2490 metrum
1571 2467 1653 2503 pes-

960 2513 1170 2551 sundaret.'’
1198 2512 1250 2550 R.
1275 2512 1322 2551 P.
1350 2515 1399 2552 ad
1427 2516 1499 2554 Ph.
1537 2516 1651 2563 1367.

960 2591 1071 2629 quem
1090 2578 1185 2616 conf.
1213 2579 1262 2617 ad
1293 2579 1410 2629 Toup.
1438 2594 1476 2630 p.
1496 2586 1587 2620 485.
1618 2589 1654 2621 et

960 2644 1008 2681 ad
1029 2643 1202 2693 Xenoph.
1219 2645 1344 2682 Anab.
1367 2657 1398 2682 1.
1426 2658 1463 2694 p.
1482 2650 1547 2690 90.
1572 2647 1596 2684 l.
1613 2651 1652 2685 3.

961 2709 1065 2746 Nub.
1081 2707 1173 2753 765.
1202 2714 1224 2732 “
1238 2710 1396 2760 ἑόρακας
1412 2709 1501 2748 MS.
1518 2711 1655 2749 Dorv.”

967 2771 1018 2810 R.
1033 2771 1081 2809 P.
1101 2772 1200 2822 apud
1221 2771 1268 2810 P.
1288 2772 1333 2810 P.
1351 2772 1405 2810 D.
