1864 3132
789 203 888 254 393

257 306 276 339 ⁵
640 333 686 359 ευ
720 310 766 380 δε
801 322 1077 362 ΔΑΣΚῙΟῙΣ
1162 318 1169 319 ’

303 397 440 458 Opem
475 390 645 456 θοαζειν

261 465 281 490 6

936 421 1000 428 .-

651 472 696 516 ek
730 465 776 515 Be
811 478 1066 518 ΔΑΣΚΙΟΥ
1102 468 1322 533 *γενειαδος

1214 546 1253 574 σε

305 548 487 607 Κρουνοι
520 541 783 608 διερἁνοντο
818 565 1018 610 κρηναιου
1054 568 1211 595 vro-rou.

121 630 368 679 Caeterum
408 632 534 680 hanc
572 646 719 697 porro
754 633 1055 681 occasionem
1098 635 1216 683 libet
1250 634 1467 698 arripere
1501 634 1563 683 de

123 707 316 757 adfecto
339 710 544 774 quodam
570 718 731 774 poetae
755 710 917 759 nescio
936 711 1073 776 cujus
1095 712 1223 776 apud
1243 713 1569 761 Plutarchum

123 783 246 842 loco,
277 785 391 850 quid
412 787 634 845 sentiam,
659 788 934 852 exponendi
955 807 970 846 3
1017 788 1064 836 Is
1087 796 1249 837 autem
1274 791 1333 837 de
1359 790 1487 838 Iside
1512 796 1564 838 et

125 862 251 911 Osir.
293 879 405 929 pag,
438 875 528 916 173.
574 865 686 913 edit.
728 864 869 913 Cant.
911 867 1071 914 verbis
1110 867 1210 914 istis
1251 867 1560 917 continetur:

126 945 271 1004 φωνης·
298 961 395 1005 ’γαρ
429 941 453 988 ὁ
489 935 601 991 θειος
630 949 770 1004 λογος
802 940 1043 1008 απροσδεης
1063 964 1174 998 εστι,
1219 966 1286 991 και
1311 941 1349 990 δι
1373 947 1564 1008 αψοφου

126 1016 294 1075 βαινων
328 1021 536 1066 κελευθον
569 1042 639 1067 και
674 1014 783 1077 δικὴς
830 1043 891 1068 τα
934 1023 1074 1077 θνητα
1124 1041 1228 1083 αΎει
1275 1043 1389 1069 κατα
1435 1018 1564 1078 δικην.

126 1090 283 1152 Quem
320 1094 382 1141 ad
421 1093 579 1143 locum
620 1097 775 1145 editor
809 1097 1025 1145 eruditus
1063 1101 1094 1121 “
1118 1096 1194 1145 Ex
1227 1097 1379 1145 veteri
1409 1097 1565 1145 Poeta

126 1173 158 1193 “
180 1169 432 1235 desumpta
465 1189 570 1220 esse
610 1173 715 1222 haee
755 1174 857 1238 ipse
892 1174 1042 1240 stylus
1065 1174 1343 1238 planissime
1366 1173 1560 1222 indicat.

126 1249 159 1269 “
183 1243 348 1305 Metro
367 1247 534 1314 itaque
557 1266 646 1298 suo
669 1251 736 1298 sic
759 1252 982 1299 restituas
1006 1271 1015 1301 :

259 1339 292 1360 “
313 1364 672 1377 —-——
693 1337 732 1387 δι
768 1345 958 1407 αψοφου

261 1415 295 1434 “
318 1417 482 1460 Βαινων
515 1419 721 1464 κελευθον
753 1440 842 1464 κατ
875 1415 990 1475 δικην
1023 1441 1084 1466 τα
1118 1422 1230 1475 θνητ
1262 1441 1380 1482 α’γει.

127 1502 161 1521 “
187 1497 316 1558 Quid
339 1499 466 1547 enim
492 1500 582 1548 sibi
601 1501 767 1550 volunt
791 1514 890 1551 ΚΑΙ
914 1502 1127 1552 ΔΙΚΗΣῖ
1154 1505 1368 1552 Sensum
1394 1503 1562 1552 *haud

128 1579 159 1598 “
183 1574 328 1623 dubie
352 1582 400 1623 et
424 1576 847 1628 Constructionem
885 1581 1025 1628 simul
1058 1582 1344 1645 perturbant
1366 1598 1563 1646 prorsus

127 1655 159 1676 “
182 1659 231 1700 et
253 1651 481 1712 officiunt,
518 1670 627 1718 quae
663 1656 766 1703 sine
802 1657 871 1704 eis
895 1657 1073 1721 optime
1096 1659 1380 1722 procedunt.
1453 1657 1562 1705 Hoc

129 1734 297 1786 “vero
341 1738 497 1778 ratum
537 1731 783 1796 fixumque
828 1734 903 1792 sit,
951 1743 1050 1781 ΚΑΙ
1094 1743 1289 1792 ΔΙΚΗΣ,
1337 1740 1387 1782 et
1431 1737 1559 1781 KAT'

128 1811 161 1830 “
180 1816 366 1854 ΔΙΚΗΝ
418 1815 677 1872 utrumque
732 1810 871 1858 simul
923 1827 1021 1859 non
1071 1827 1211 1875 posse
1262 1812 1557 1868 consistere;

128 1889 159 1908 “
181 1883 385 1931 alterum
426 1901 542 1932 vero
578 1886 641 1933 ab
681 1886 850 1945 altero,
890 1889 1053 1935 nescio
1093 1889 1349 1953 quomodo,
1390 1896 1562 1936 natum

1600 1521 1697 1561 220

126 1966 158 1986 “
181 1977 285 2009 esse
329 1962 596 2010 arbitror.”
668 1963 987 2014 Doctissimus
1032 1972 1193 2013 autem
1240 1965 1559 2014 Marklandus
1597 2002 1600 2009 .

128 2040 159 2059 “
181 2036 295 2084 ibid.
344 2044 583 2100 αγλωσσος
630 2036 726 2104 ων]
794 2039 1058 2106 Distingue
1093 2069 1158 2076 —-
1193 2049 1432 2104 αγλωσ-σος
1487 2065 1558 2102 ων,

130 2113 294 2177 (φωνης
316 2135 547 2178 ’γαρ-και
567 2124 731 2163 ΣΙΓΗΣ
756 2139 816 2165 τα
840 2122 980 2174 θνητα
1002 2141 1107 2182 αὙει
1131 2141 1247 2167 κατα
1271 2117 1404 2183 δικην)
1429 2142 1558 2177 μονον

128 2186 175 2236 δε
199 2195 338 2252 φασιν
365 2196 459 2240 &a
491 2192 589 2240 Ista
614 2203 711 2241 ΚΑΙ
736 2205 795 2241 ΔΙ
820 2204 1052 2243 ΑΨΟΦΟΥ
1079 2200 1172 2243 &a
1192 2203 1305 2243 sunt
1321 2212 1383 2244 ex
1394 2196 1558 2261 aliquo

129 2267 360 2332 Tragico,
395 2270 580 2332 opinor,
607 2271 854 2335 Sophocle,
892 2281 941 2320 et
963 2275 1025 2321 ad
1054 2291 1279 2322 numeros
1304 2276 1370 2322 ita
1393 2275 1559 2324 reduci

128 2354 347 2410 possunt,

264 2440 294 2463 “
533 2443 538 2448 ·
584 2467 647 2473 -
671 2462 741 2488 και
774 2439 813 2488 δι
846 2447 1037 2508 ampo„

262 2520 294 2542 “
319 2520 483 2563 Βαινων
511 2521 713 2566 κελευθον
742 2542 811 2567 και
842 2517 953 2577 &tens
981 2544 1043 2569 τα
1072 2522 1193 2579 θνητ’
1222 2545 1342 2586 α’γει.

299 2624 317 2650 ⁵
340 2628 487 2687 Eurip.
513 2627 645 2673 Baec.
666 2636 768 2674 218.
931 2625 950 2651 ⁶
970 2632 1101 2690 Soph.
1124 2634 1279 2677 Trach.
1309 2640 1372 2677 13.

201 2731 268 2771 66.
312 2739 336 2757 “
366 2734 459 2771 adde
500 2734 670 2785 AEschyl.
713 2734 818 2773 Pers.
872 2743 940 2785 est,
994 2738 1146 2791 Πυρσῆν
1195 2735 1370 2792 ζαπληθῆ
1416 2737 1560 2775 δάσκιον

133 2795 245 2835 316.”
291 2796 340 2835 R.
362 2797 408 2835 P.
439 2798 487 2836 ad
515 2797 564 2836 R.
589 2797 642 2835 D.
700 2799 819 2838 Locus
873 2800 1054 2848 γενειάδα.
