1864 3132
938 277 1039 327 438

268 379 458 431 Horum
494 381 557 431 ad
591 396 811 432 normam
851 382 1038 434 Comici
1071 398 1264 435 versum
1303 384 1374 435 sie
1414 385 1708 454 exigendum

271 474 477 509 censeo:

404 553 445 595 Ω
478 569 569 595 των
597 556 843 598 ,ΑΘΗΝΩΝ
874 558 992 613 τᾶγε
1021 571 1110 598 των
1138 547 1469 606 ευδαιμονων.“9

270 636 371 684 Aut
405 635 551 685 etiam
586 636 789 686 retineri
821 638 1000 703 poterit
1015 642 1264 698 Ἀθηναιων,
1293 639 1333 688 si
1371 663 1498 705 τωγε
1533 641 1586 694 in
1608 648 1716 706 *¹²7⁸
1773 658 1779 659 ’

270 712 546 761 mutaveris.

271 800 330 850 V.
355 811 455 850 428.
494 803 645 865 Εξειμι
669 825 766 869 ’γαρ
790 825 860 852 σοι
882 811 1084 869 λαμπρος
1107 802 1185 862 ηδη
1207 827 1277 853 και
1304 827 1445 869 nevas*
1472 810 1648 866 καθιεις,
1706 813 1708 816 ”

497 885 624 937 Ομου
656 885 898 946 τ’·αρᾰττων
930 904 1012 938 την
1045 903 1099 930 τε
1134 903 1224 944 ’γην
1257 904 1331 930 και
1361 903 1444 940 την
1476 886 1716 932 θαλατταν

641 957 757 1027 δίκῃ]

270 1042 564 1094 Scholiastes
598 1045 674 1094 vel
707 1045 867 1109 potius
893 1045 1177 1094 Scholiastae
1200 1047 1263 1095 ad
1283 1046 1442 1096 locum
1466 1065 1478 1096 ε
1517 1045 1717 1109 Καθιεις]

270 1125 702 1186 Παρεσκευασμενος.
742 1126 921 1172 Καθιειν
955 1123 1197 1187 [oportuit
1216 1120 1444 1188 >καθιεναι]
1493 1120 1542 1172 δε
1569 1144 1718 1188 κυρίως·

251 1220 327 1254 ,το
347 1207 498 1264 χαλᾳν
519 1222 579 1247 τα
600 1196 689 1261 ‘miv
712 1222 814 1247 νεων
837 1201 976 1247 ἳστια·
1021 1222 1171 1248 ταυτα
1190 1197 1236 1247 δε
1259 1205 1532 1265 προσφορως
1555 1205 1720 1265 ειρηκὲν

266 1274 292 1323 ὁ
319 1280 492 1325 Κλεων.
542 1299 593 1333 ην
628 1270 724 1341 ’γὰρ
764 1273 958 1340 σφοδρος
994 1298 1040 1323 εν
1075 1297 1166 1326 τοις
1202 1282 1376 1338 λογοις.
1429 1278 1605 1326 Καθιεις
1627 1297 1715 1324 ουν..

267 1375 369 1402 ανΤι
385 1375 468 1401 ΤΟΙΙ
484 1357 737 1410 Καθθίμενως
759 1375 914 1401 πνὲων.
952 1352 978 1409 ἦ
995 1349 1041 1400 36
1059 1358 1301 1418 μεταφορα
1319 1375 1411 1402 awo
1430 1376 1519 1401 Των
1535 1375 1715 1410 ανέμων.

268 1429 365 1477 Ain
391 1445 523 1487 vero,
548 1445 578 1477 o
600 1430 746 1486 bone,
781 1431 939 1479 καθιεις
967 1428 1094 1476 idem
1118 1428 1280 1476 valere
1303 1434 1453 1493 atque
1476 1452 1717 1495 παρεσκευ-

268 1503 490 1562 ‹zo-nevos?
525 1505 683 1553 Surdo
700 1504 921 1568 profecto
939 1504 1055 1552 mihi
1073 1503 1297 1552 fabulam.
1312 1521 1495 1554 narras.
1533 1505 1718 1570 Neque

268 1583 399 1632 enim
433 1582 564 1630 aliud
600 1582 864 1646 quidquam
899 1587 987 1639 est,
1024 1581 1155 1645 quod
1179 1597 1277 1629 non
1307 1597 1450 1647 aeque
1482 1583 1717 1631 denotare

265 1660 432 1725 possit.
504 1659 643 1707 Alter
683 1660 818 1721 (nam
858 1659 938 1707 vix
974 1659 1182 1720 eundem
1225 1659 1374 1707 fuisse
1420 1661 1714 1708 credendum

267 1737 364 1799 est)
402 1750 571 1784 vocem
606 1738 763 1784 καθιεις
787 1734 960 1782 Cleoni
985 1734 1247 1783 convenire
1270 1736 1428 1794 docet,
1453 1743 1716 1801 propterea

268 1813 400 1875 quod
422 1812 581 1876 primo
602 1816 790 1861 καθιεναι
813 1813 1010 1876 proprie
1030 1812 1144 1861 vela
1169 1813 1422 1861 demittere
1444 1813 1712 1879 significet:

132 1891 230 1942 249
267 1891 443 1940 deinde
489 1893 620 1957 quod
665 1892 786 1940 Cleo
833 1892 922 1941 *in
969 1892 1174 1941 dicendo
1229 1892 1490 1942 vehemens
1527 1891 1710 1956 fuerit.

265 1968 391 2018 Haec
430 1969 514 2032 qui
552 1969 796 2034 intelligit,
837 1970 906 2017 ita
939 1969 1180 2032 expediat,
1215 1969 1374 2026 velim,
1417 1975 1472 2015 ut
1501 1983 1611 2016 cum
1638 1983 1713 2015 se-

266 2052 451 2109 quente
474 2062 615 2095 versu
641 2051 917 2110 congruant
941 2051 1066 2100 Ομου
1096 2066 1336 2108 ταραττων
1373 2047 1467 2092 ἐπ’.
1540 2044 1712 2109 Pergit

264 2129 429 2171 autem
453 2123 599 2171 homo
622 2122 837 2180 festivus,
854 2122 931 2170 vel
949 2122 1076 2171 forte
1093 2122 1263 2186 incipit
1279 2122 1450 2170 tertius
1468 2122 1711 2170 monendo

264 2201 421 2250 καθιεις
462 2197 777 2264 aequipollere
812 2221 878 2260 τῳ
912 2202 1170 2254 καθειμενως
1192 2222 1332 2247 πνεων
1368 2198 1575 2248 demisse
1613 2198 1711 2263 spi-

263 2292 402 2326 rans.
472 2276 670 2342 Nempe
714 2278 823 2336 hoc,
877 2279 1038 2337 credo,
1095 2279 1144 2327 in
1191 2279 1423 2330 Cleonem
1468 2279 1712 2343 aptissime

266 2352 411 2411 cadit,
436 2352 519 2418 qui
543 2352 720 2403 ibidem
746 2354 923 2402 dicitur
945 2361 1131 2403 terram
1153 2372 1213 2404 ac
1235 2372 1374 2404 mare
1396 2354 1709 2403 conturbare.

265 2475 358 2513 sium
394 2473 484 2512 Rec.
520 2473 686 2522 d’Antiq.
722 2473 768 2510 T.
797 2484 849 2511 11.
884 2473 960 2510 tab.
1079 2478 1169 2513 112.
1214 2479 1237 2500 ‘⁴
1259 2474 1365 2512 Prius
1401 2485 1545 2511 verum.
1600 2472 1707 2511 Idem

267 2549 343 2578 Lx.
371 2537 397 2575 l.
417 2541 456 2581 9.
486 2535 838 2574 ΕΦΗΒΕΥΣΑΝ.
863 2537 959 2574 Tab.
1015 2539 1193 2578 mendum
1225 2551 1273 2576 ex
1309 2538 1410 2575 Nub.
1440 2541 1533 2576 400.
1568 2535 1708 2581 exemit

269 2615 386 2642 Lxu.
416 2600 959 2639 EQHBEYzANTA.Tab.
1014 2602 1214 2640 Kusterus.
1261 2602 1402 2653 Lysist.
1440 2604 1505 2644 37.
1555 2600 1708 2642 exhibet

269 2677 419 2707 LXVII.
494 2664 957 2712 ΕΠΡΥΤΑΝΕΥΣΑΝ,
1013 2667 1218 2713 Ἀθηναίων
1240 2666 1374 2707 Suidas
1402 2677 1439 2702 V·
1466 2662 1708 2715 ἐπιγλωττή-

212 2746 213 2749 ’
266 2731 398 2771 Attica
424 2729 576 2768 forsitan
604 2729 737 2766 forma.
775 2727 814 2767 6.
844 2730 962 2768 Ναιόν
1016 2732 1168 2778 σομαι.”
1214 2731 1265 2770 R.
1286 2731 1334 2769 P.
1368 2730 1467 2779 apud
1504 2729 1552 2768 P.
1576 2729 1625 2767 P.
1647 2727 1704 2767 D,

265 2813 308 2845 γε
344 2797 440 2842 edd„
495 2795 611 2834 Nauio
644 2794 684 2833 δέ
718 2795 832 2842 ταγοὶ
867 2796 958 2837 citat
1012 2797 1122 2835 Cous.
1150 2796 1200 2835 R.
1221 2796 1268 2835 P.
1295 2797 1342 2836 ad
1371 2795 1514 2847 Odyss.
1533 2795 1575 2844 Γ,
1611 2798 1703 2840 278.

265 2861 472 2911 Ιιεηηεγιῐω·
490 2861 539 2900 ad
558 2859 710 2900 Phalar.
732 2872 768 2910 p.
785 2863 849 2898 88.
1011 2866 1048 2900 et
1065 2860 1103 2899 in
1123 2860 1200 2898 Pu.
1219 2858 1379 2902 lvi=lx.
