1864 3132
829 276 929 326 221

160 398 284 442 vem,
330 391 378 433 et
410 383 539 435 idem
567 385 768 451 faceret
806 385 1013 450 longam
1051 383 1312 453 syllabam,
1351 393 1597 450 proeterea

160 463 455 528 exprimeret
474 481 655 523 vocem,
693 479 799 530 quae
831 466 968 528 apud
998 475 1078 514 e’os
1102 483 1197 529 per
1228 476 1280 514 O.
1315 471 1361 514 et
1388 476 1440 524 U.
1477 465 1599 515 scri-

162 541 297 591 bitur
341 551 432 600 ΟΥ,
480 541 551 589 sic
592 542 731 606 apud
769 558 859 590 nos
900 559 1087 607 quoque
1133 553 1181 591 E.
1223 549 1270 590 et
1309 553 1361 591 Ο.
1401 542 1599 591 totidem

150 626 419 684 potestates
441 619 709 679 habebunt,
750 627 797 668 et
819 620 1031 678 easdem,
1070 637 1195 685 quas
1217 619 1355 684 apud
1382 618 1596 669 Groecos.

159 694 390 746 Profecto
439 698 479 745 si
538 700 569 729 ³*
592 698 642 746 in
696 699 770 746 his
818 698 1107 747 sententiam
1156 699 1246 747 sibi
1297 707 1599 749 constantem

158 788 364 838 quaeras,
413 777 594 826 frustra
637 793 723 835 es;
782 778 821 825 si
866 778 1248 843 grammaticam,
1296 779 1596 827 tantundem.

160 851 212 899 Si
237 869 345 900 cum
369 855 473 902 viro
507 854 698 907 doctiss.
724 853 1027 902 Victorinum
1057 860 1239 902 statuas
1272 854 1334 901 de
1364 864 1397 902 E
1422 854 1601 903 Graeco

159 929 238 977 hic
261 945 425 996 agere,
460 931 710 979 exordium
733 930 878 990 istud,
910 929 1088 979 Nostri
1110 930 1286 979 Latini
1307 949 1420 980 cum
1442 931 1602 983 literis

159 1009 431 1065 uterentur,
491 1021 616 1072 quas
663 1023 695 1055 a
753 1005 943 1056 Grcecis
996 1013 1308 1071 acceperant,
1370 1015 1468 1056 tam
1509 1009 1602 1057 erit

158 1080 375 1145 ineptum
408 1099 550 1147 quam
584 1084 715 1148 quod
741 1083 1108 1149 ineptissimum.
1181 1085 1267 1132 Sin
1290 1085 1450 1132 locum
1474 1085 1602 1133 circa

160 1165 193 1205 E
228 1157 391 1207 Latini
423 1168 711 1224 potestatem
747 1163 929 1211 versari
965 1162 1111 1220 dicaS,
1154 1161 1284 1226 quod
1318 1167 1367 1208 et
1401 1160 1504 1209 veri
1533 1160 1601 1209 vi-

160 1232 551 1296 detur'similius,
595 1240 863 1303 posteriora
897 1255 995 1287 non
1029 1239 1099 1287 ita
1131 1244 1461 1304 congruenter
1491 1253 1602 1301 pro·

162 1313 351 1361 cedent.
415 1314 570 1363 Nullo
596 1316 791 1380 quidem
812 1316 1011 1381 negotio
1033 1316 1101 1363 ita
1123 1314 1364 1362 immutari
1386 1320 1601 1377 possent,

162 1394 215 1435 ut
258 1391 645 1451 praecedentibus
691 1392 785 1439 hoc
830 1408 974 1440 sensu
1017 1392 1228 1455 acceptis
1268 1390 1598 1438 convenirent.

166 1463 295 1512 Mihi
333 1481 449 1514 vero
489 1468 602 1514 satis
649 1474 739 1525 est,
785 1469 915 1532 quod
953 1469 1047 1515 loci
1086 1475 1184 1515 tam
1225 1468 1301 1515 vel
1340 1467 1490 1514 futilis
1525 1468 1603 1515 vel

164 1539 412 1604 depravati
450 1529 580 1590 nulla
612 1544 683 1590 sit-
712 1545 988 1601 auctoritas.
1061 1543 1206 1604 Quod
1237 1550 1400 1591 autem
1433 1545 1495 1591 ad
1530 1546 1601 1592 in·

165 1618 462 1682 scriptiones,
505 1636 624 1684 quas
654 1618 820 1669 laudat
852 1622 923 1669 vir
955 1621 1167 1679 doctiss,
1208 1612 1404 1686 Sigeam
1429 1629 1478 1669 et
1502 1622 1600 1670 De·

164 1694 333 1743 liacam
374 1698 562 1755 attinet,
610 1699 671 1746 de
703 1699 778 1756 iis,
826 1699 940 1763 quid
975 1698 1282 1746 statuendum
1320 1698 1599 1756 sentiamus,

152 1771 258 1837 jam
293 1789 438 1838 supra
471 1774 692 1822 diximus.

230 1855 330 1913 Sed
362 1863 568 1912 alterum
603 1881 748 1928 porro
773 1864 844 1912 vir
884 1864 1078 1929 quidam
1119 1863 1349 1921 erudituS,
1393 1878 1600 1928 quocum

164 1937 281 1985 mihi
315 1932 372 1987 lis
411 1940 696 1998 intercessit,
743 1941 831 1989 viri
865 1940 1056 1987 doctiss.
1090 1945 1429 2003 argumentum
1465 1937 1600 2004 adju-

161 2022 297 2065 turus
321 2033 382 2066 ex
404 2018 654 2067 Victorino
671 2018 832 2066 locum
856 2017 1107 2075 adducit,⁴⁶
1129 2034 1240 2083 pag.
1268 2027 1325 2065 30
1347 2020 1599 2078 [=2468.].

162 2088 232 2139 Et
259 2093 663 2159 significaveram
682 2094 832 2157 prius
866 2111 1012 2160 quam
1044 2093 1234 2142 G-raecis
1257 2094 1387 2143 inter
1407 2095 1604 2145 vocales

160 2175 365 2230 repertae
396 2177 512 2219 sunt
543 2180 597 2219 H.
629 2178 676 2219 et
706 2182 758 2230 Ω,
796 2171 952 2219 vicem
984 2188 1157 2220 earum
1181 2177 1283 2220 tam
1307 2171 1445 2235 apud
1472 2172 1600 2231 illos,

165 2255 314 2309 quam
347 2249 483 2309 apud
515 2265 606 2298 nos
646 2249 864 2310 explesse
904 2259 951 2297 E.
992 2255 1038 2296 et
1076 2258 1140 2298 O:
1197 2258 1234 2297 O
1270 2249 1419 2297 etiam
1451 2246 1603 2297 scribi

163 2320 359 2369 solitam
388 2339 483 2384 pro
517 2324 710 2389 syllaba
746 2336 834 2374 ΟΥ.
903 2337 938 2374 Ε
970 2334 1133 2374 autem
1173 2342 1262 2390 pro
1297 2336 1331 2374 Ε
1365 2334 1414 2374 et
1450 2336 1594 2375 ΙΩΤΑ.

165 2397 327 2462 Atque
352 2399 431 2446 hic
456 2400 648 2464 quidem
673 2417 770 2449 non
794 2410 882 2459 est,
919 2410 974 2450 ut
997 2404 1067 2451 vir
1096 2403 1310 2450 eruditus
1334 2403 1598 2467 quidquam

161 2472 465 2523 immutatum
512 2482 661 2539 optet,
725 2478 816 2526 nisi
864 2478 988 2527 forte
1034 2495 1121 2543 pro
1173 2479 1595 2543 significaveram,

163 2548 299 2613 cujus
324 2550 403 2598 hic
425 2567 595 2615 parum
618 2559 757 2617 aptus
782 2563 854 2607 est
875 2571 1005 2613 usus,
1039 2555 1308 2604 rescribere
1339 2555 1472 2607 malit
1495 2555 1598 2619 sig-

162 2623 376 2688 ufficavi.
449 2627 546 2676 Sed
579 2629 827 2688 Victorini,
869 2631 1011 2679 modo
1045 2631 1149 2679 haec
1180 2632 1440 2695 scripserit,
1482 2647 1599 2679 con-

164 2700 338 2749 stantia
383 2702 684 2750 desideratur
701 2723 716 2762 ;
788 2705 966 2769 quippe
1012 2705 1095 2772 qui
1138 2721 1250 2771 pag.
1282 2703 1597 2770 17=[2459-]-

456 2865 523 2906 46.
559 2867 771 2906 Comment.
789 2869 837 2906 ad
857 2869 1030 2907 Marmor
1050 2869 1188 2908 Sandv.
1209 2882 1244 2917 p.
1262 2875 1300 2913 7.

1638 711 1731 761 129
