1864 3132
865 185 934 235 39

217 289 393 342 *Nam
413 289 514 340 nisi
531 287 719 340 vocalis
739 287 888 348 adsit,
917 287 1065 339 vertit
1085 286 1216 337 hanc
1237 285 1292 336 in
1313 284 1582 352 simplicem
1598 304 1614 335 .·
1659 295 1722 336 14

253 373 430 417 Καππα
447 367 576 416 enim
592 366 751 414 solum
767 364 963 413 sonabit
972 385 993 422 ‚·
1018 386 1165 428 σιγμα
1175 380 1292 413 vero
1304 362 1615 413 excluditur:

254 443 337 492 Sic
359 451 405 492 et
426 443 642 506 εκπληξαι
667 442 953 508 loquuntur,
978 443 1047 489 Sic
1071 448 1120 490 et
1143 463 1357 507 εκπερσαι
1380 449 1512 490 πολῑν
1528 461 1541 488 :

254 520 337 569 Sic
360 529 407 570 et
427 521 556 570 illud
577 544 623 570 εκ
644 543 871 577 στοματος
893 525 1193 585 εκκεκωφηται
1218 519 1330 587 ξιφη
1348 541 1358 567 :
1431 538 1434 542 ’

254 598 335 648 Sic
358 605 406 647 et
426 622 475 648 εκ
496 622 675 648 παντων
698 598 868 656 solute,
893 597 962 646 Sic
984 603 1032 645 et
1054 619 1101 645 εκ
1126 620 1255 655 νησου
1264 592 1446 664 facit]

183 714 364 762 Versus
387 714 587 762 secundi
610 720 816 762 metrum
840 729 900 761 eo
931 712 1127 760 nomine
1149 712 1338 761 laborat
1361 713 1492 777 quod
1514 710 1618 761 sive

181 791 338 840 vocali
359 798 474 838 ante
496 791 697 839 alteram
722 806 820 838 non
844 789 962 838 elisa
983 789 1284 837 adhibeatur.
1340 789 1533 837 Deinde
1558 804 1620 836 ex

181 867 342 915 verbis
365 866 466 913 istis
500 866 555 913 in
575 864 725 913 verbo
751 864 873 928 pari
906 865 1039 913 nulla
1062 864 1171 912 elici
1194 870 1355 928 potest
1379 864 1619 913 sententia

183 958 295 1006 quae
318 943 432 990 huic
454 942 562 990 loco
587 942 859 990 conveniat.
906 941 1133 1005 Repono,
1157 940 1260 990 sive
1281 941 1544 991 verborum
1566 942 1621 990 in

173 1019 309 1082 pari,
346 1019 392 1066 h.
419 1035 460 1066 e.
498 1018 601 1067 sive
635 1019 691 1067 in
727 1018 920 1068 duobus
956 1017 1134 1067 verbis.
1205 1018 1306 1066 Aut
1339 1019 1485 1067 etiam
1519 1017 1622 1067 sive

179 1095 444 1145 verborum
458 1097 593 1161 pari.
630 1096 764 1146 Nam
783 1098 938 1145 codex
955 1096 1064 1145 MS.
1091 1095 1175 1160 qui
1192 1096 1364 1144 unicus
1382 1091 1620 1159 superest,

181 1173 253 1220 uti
275 1189 306 1220 a
328 1173 434 1222 viro
457 1173 776 1236 doctissimo†
799 1190 959 1238 nuper
981 1173 1206 1240 cognovi,
1225 1172 1328 1222 sive
1339 1171 1486 1221 verbo
1502 1169 1624 1235 pari

181 1248 368 1313 absque
406 1250 462 1298 in
499 1257 832 1315 repraesentat.
905 1251 1030 1299 Cum
1069 1258 1231 1299 autem
1277 1249 1381 1299 sive
1423 1249 1478 1297 in
1522 1264 1622 1297 uno

181 1330 478 1393 praecedant,
549 1330 946 1394 praepositionem
1016 1329 1275 1393 repetitam
1338 1328 1623 1392 neutiquam

182 1409 443 1471 oportebit.
501 1407 702 1471 Nempe
728 1407 850 1471 pari
888 1408 1097 1456 eundem
1136 1408 1216 1455 hic
1254 1422 1394 1455 usum
1425 1406 1652 1454 sortitur*

184 1501 330 1550 quem
353 1486 404 1533 in
426 1487 519 1534 isto
542 1486 750 1544 Horatii,
789 1485 969 1534 Nobile
1008 1502 1099 1549 par
1121 1483 1413 1551 fratrum.‡
1482 1480 1625 1532 Nihil

183 1563 354 1626 utique
392 1561 523 1609 aliud
556 1561 637 1608 hic
673 1561 776 1626 agit
814 1560 1162 1618 TerentianuS,
1201 1565 1530 1623 praeterquam
1569 1561 1626 1604 ut

182 1640 357 1687 doceat
378 1637 599 1686 voculam
636 1653 736 1684 non
762 1636 869 1701 jam
894 1636 947 1698 εξ
974 1637 1058 1684 sed
1080 1658 1128 1684 εκ
1151 1641 1386 1699 sequente
1410 1646 1625 1680 consona

182 1734 214 1767 a
243 1716 431 1766 Graecis
463 1715 688 1779 usurpari
724 1714 929 1772 solitam,
971 1715 1071 1760 sive
1109 1729 1171 1761 ea
1207 1713 1301 1773 (uti
1335 1710 1623 1774 loquuntur)

182 1795 235 1844 in
271 1792 635 1857 compositione,
675 1792 775 1839 sive
810 1795 947 1837 extra
985 1788 1384 1850 compositionem
1420 1786 1622 1834 veniret.

183 1869 347 1935 Hujus
380 1875 542 1916 autem
577 1882 692 1915 usus
726 1863 951 1927 exempla
984 1862 1181 1910 adducit
1214 1884 1260 1911 εκ
1294 1883 1473 1910 παντων
1506 1868 1556 1909 et
1578 1883 1626 1909 εκ

186 1968 343 2004 νησους
377 1944 503 1992 illius
526 1943 756 2004 εκπληξαι,
791 1962 1013 2006 ema-eperat,
1052 1944 1103 1986 et
1124 1944 1445 2005 εκκεκωφωται,
1475 1939 1624 2006 vulgo

188 2024 345 2072 minus
389 2020 523 2069 recte
562 2025 877 2085 εκκεκωφηται.
949 2016 1137 2077 Quarto
1183 2015 1233 2063 in
1277 2031 1419 2064 versu
1464 2016 1625 2064 malim

185 2107 341 2151 vertet
385 2115 494 2147 cum
538 2097 741 2147 verbum
786 2097 880 2144 hoc
923 2095 1052 2142 inter
1082 2092 1294 2157 jugabit
1338 2100 1387 2141 et
1431 2093 1626 2143 sonabit

186 2177 474 2233 intercedat,
510 2189 789 2238 quanquam
822 2178 997 2236 postea
1018 2169 1232 2218 varietur
1256 2169 1551 2218 constructio
1574 2170 1625 2216 in

188 2251 486 2311 excluditur,
509 2252 777 2315 loquuntur
800 2248 1006 2314 etfacit.
1027 2247 1218 2296 ,Versui
1242 2248 1414 2311 quinto
1437 2247 1626 2297 censuit

191 2333 387 2396 quidam
411 2331 739 2379 medicinam*
762 2329 1032 2378 faciendam
1057 2342 1161 2375 esse
1184 2326 1410 2392 legendO,
1445 2349 1493 2376 εκ
1516 2348 1626 2376 στο-
1667 2332 1724 2373 15

188 2433 330 2469 ματος
354 2415 404 2457 et
427 2414 739 2474 εκκεκωφηται.
810 2407 875 2455 At
909 2405 1039 2453 enim
1074 2405 1167 2453 hoc
1198 2410 1343 2468 pacto
1367 2419 1624 2468 perperam

191 2487 557 2537 confunduntur
600 2483 846 2548 exempla,
895 2488 1068 2530 contra
1125 2487 1288 2529 notam
1334 2480 1625 2530 Terentiani

191 2629 309 2667 valles
322 2628 410 2666 lenis
424 2628 577 2679 Hyssos,
595 2626 671 2664 Ubi
685 2626 880 2664 Maeander
934 2625 1082 2675 agmine
1109 2623 1287 2675 Thybris.

191 2705 300 2742 super
307 2690 626 2743 aequalesLabitur
632 2690 883 2743 agros—levis
988 2688 1013 2730 †
1023 2687 1046 2725 J
1049 2699 1166 2726 oanne
1179 2685 1357 2737 Tayloro.

195 2756 283 2795 MS.
325 2757 413 2796 AEn.
452 2767 504 2804 11,
548 2760 573 2799 7
578 2758 639 2795 82.
684 2755 754 2794 leni
802 2753 887 2792 fluit
992 2752 1142 2799 1Serm.
1160 2763 1211 2790 11.
1226 2751 1277 2799 iii,
1293 2754 1384 2790 243.
