1864 3132
883 213 983 272 459

209 318 238 348 ³*
253 316 330 364 Ex
351 317 426 364 his
446 316 734 364 lectionibus
758 317 874 376 sola,
902 332 1047 380 quam
1071 315 1268 364 exhibet
1289 314 1365 364 Cl.
1388 314 1642 375 Kusterus,
1682 314 1771 363 261

208 395 384 443 senarii
407 394 566 461 legem
589 394 750 442 violat.
821 386 982 459 Atque
1006 409 1066 442 ea
1097 394 1280 457 itidem,
1313 395 1354 442 si
1387 394 1643 449 verborum

208 471 438 537 analogia
491 477 751 534 spectetur,
821 471 1030 534 pessime
1085 471 1299 519 omnium
1358 487 1411 521 se
1479 471 1642 520 habet.

209 553 441 598 Σκαλοπας
495 547 730 612 Hesychii
787 554 836 594 et
892 546 1055 595 Suidae
1110 547 1401 596 auctoritate
1459 549 1643 597 nititur.

210 623 392 690 Neque
415 625 527 673 huic
551 625 805 689 scripturae
830 625 1092 690 quidquam
1114 625 1411 674 adversatur.
1461 626 1645 675 Vocem

213 709 413 766 ᾳιλουρος
447 702 692 750 deducunt
727 700 992 766 etymologi
1030 701 1092 747 ab
1133 709 1297 749 αιολλω
1322 709 1371 749 et
1393 688 1511 768 ουρα.
1585 705 1649 751 At

215 793 314 842 qua
355 778 548 825 demum
594 778 780 825 ratione
827 776 985 824 media
1035 776 1212 824 vocalis
1268 801 1292 824 ο
1339 771 1650 826 eliminatur?

189 852 422 919 ,onrtet
460 861 594 902 certo
639 853 833 911 certius,
894 852 944 905 ni
989 868 1166 917 susque
1211 854 1368 917 deque
1414 855 1652 902 habeatur

214 928 455 994 analogia,
484 939 732 995 αιολουρος;
768 947 866 978 non
891 946 1029 977 secus
1052 938 1200 993 atque
1233 930 1336 978 fieri
1361 932 1577 979 videmus
1599 931 1651 978 in

216 1008 405 1054 caeteris
445 1008 666 1056 omnibus
706 1006 950 1055 vocabulis
993 1007 1196 1054 eandem
1243 1006 1480 1071 originem
1528 1022 1652 1070 prae-

214 1081 498 1130 ferentibus.
569 1082 723 1131 Nunc
746 1083 867 1140 vide,
907 1098 1014 1130 cum
1054 1083 1282 1146 analogia
1319 1088 1463 1146 quam
1498 1083 1653 1130 amice

216 1158 382 1206 itidem
406 1160 630 1225 conjuret
651 1160 910 1223 prosoediae
934 1161 1084 1209 ratio:

379 1262 630 1316 Σκαλοπας,
667 1279 831 1323 εχινως,
869 1265 1209 1315 ΑΙΟΛΟΥΡΩΣ,
1243 1254 1462 1307 vrum-‘3012

220 1353 471 1403 Stabilitur
509 1372 656 1418 porro
695 1355 826 1404 vocis
866 1365 1092 1423 αιολουρᾳς
1143 1356 1385 1419 quantitas
1425 1349 1656 1418 syllabica

220 1448 281 1479 ex
298 1431 487 1479 duobus
503 1432 632 1494 apud
649 1433 941 1479 Athenaeum
953 1431 1086 1488 locis,
1103 1432 1463 1478 Anaxandridae
1482 1431 1654 1486 altero,

221 1507 374 1555 altero
415 1506 679 1564 Timoclis;
733 1522 830 1554 non
857 1507 962 1572 jam
997 1512 1143 1570 prout
1180 1506 1325 1554 hodie
1363 1507 1657 1566 scribuntur,

221 1585 307 1633 sed
327 1580 472 1648 prout
496 1585 640 1633 scribi
664 1591 888 1648 oportere
913 1601 989 1632 res
1013 1584 1118 1648 ipsa
1141 1584 1329 1632 clamat.
1399 1584 1474 1632 Ea
1495 1591 1657 1632 autem

224 1668 392 1708 extant
414 1677 528 1726 pag.
555 1672 640 1709 300
663 1662 749 1725 [A.
778 1661 879 1724 B.].

358 1763 420 1805 Συ
453 1781 533 1813 μεν
566 1781 646 1808 τον
680 1768 972 1808 ΑΙΛΟΥΡΟΝ
1007 1780 1137 1807 κακον
1171 1781 1312 1823 exom-
1344 1782 1394 1816 ην
1427 1757 1531 1825 ιδῃς,

364 1841 546 1894 Κλαιης.
597 1859 690 1899 ε’γω
724 1835 749 1884 δ
781 1835 915 1895 ἥδιστ
949 1859 1211 1888 aorem-emas*
1245 1835 1367 1903 δερω.

363 1918 462 1965 Πως
495 1937 547 1962 αν
579 1938 659 1970 μεν
691 1938 764 1962 ουν
795 1937 975 1963 σωσειεν
1008 1915 1120 1974 ιβυς,
1156 1937 1183 1972 η
1216 1937 1351 1972 κυων;

361 1997 490 2040 Ova-ov
524 2014 619 2056 εγαρ
654 2015 710 2043 εις
744 1995 863 2043 θεους
897 2014 1000 2041 τους
1033 1992 1411 2054 ὁμολογουμενους

365 2074 500 2118 Θεους
533 2070 805 2129 ασεβουντες·
840 2092 889 2117 ου
924 2066 1113 2117 &Scau-w
1147 2073 1299 2119 ευθεως

365 2150 518 2203 Δικην,Ἰ
552 2167 623 2193 τιν
659 2153 945 2194 ΑἸΛΟΥΡΟΥ
979 2147 1129 2205 βωμος
1162 2150 1445 2210 ema-pullenti*
1472 2161 1550 2203 ᾳη

233 2251 289 2297 ln
308 2251 468 2313 priore
487 2275 550 2314 τῳ
569 2261 772 2318 αιλουρον
782 2253 1036 2301 articulum
1054 2269 1307 2317 perperam
1323 2252 1506 2316 praefici
1522 2267 1666 2320 nemo

236 2341 333 2372 non
363 2326 554 2381 sentiet,
589 2327 682 2373 nisi
711 2327 811 2389 qui,
844 2327 974 2374 inter
1004 2336 1207 2392 αιλουρον
1245 2335 1296 2376 et
1338 2351 1417 2376 τον
1462 2336 1668 2392 αιλουρον

233 2460 352 2498 MSS.
379 2459 530 2510 quidem
550 2471 627 2496 suae
644 2458 921 2508 orthographiae
976 2457 1150 2496 Salmasii
1169 2458 1333 2497 Exercit.
1352 2459 1450 2497 Plin.
1474 2473 1509 2508 p.
1533 2458 1668 2501 1009.''

233 2530 479 2575 repugnantes
503 2523 711 2560 habet.—“
732 2522 784 2561 Et
801 2528 923 2572 potest
979 2520 1096 2569 Est03
1130 2522 1297 2561 Dawesii
1331 2524 1503 2574 analogia
1540 2523 1683 2560 manet'

232 2591 404 2642 αἴλουρος
422 2600 525 2638 aeque
542 2586 702 2624 derivari
729 2587 777 2624 ab
797 2590 923 2633 αἱλεΐν,
977 2589 1196 2627 inconcussa
1214 2604 1225 2634 ;
1259 2589 1346 2626 vide
1361 2589 1468 2626 infra.
1506 2587 1669 2634 Toupz'us

235 2652 417 2700 θωπεύειν,
463 2659 500 2690 et
543 2650 652 2702 ου’ροὶ,
700 2651 796 2701 quod
826 2650 925 2702 felis
980 2650 1069 2689 Vol.
1087 2661 1162 2688 111.
1193 2663 1230 2701 p.
1251 2649 1342 2699 516.
1370 2659 1407 2688 et
1429 2662 1488 2688 IV.
1518 2663 1555 2699 p.
1576 2652 1668 2687 283.

235 2718 356 2755 cauda
389 2717 568 2755 aduletur.
616 2715 714 2760 Quae
746 2715 926 2754 sententia
979 2716 1214 2768 Αἷολουργός·
1245 2723 1311 2764 pro
1345 2715 1542 2761 αιόουλογός
1571 2721 1668 2751 recte

235 2788 291 2819 est
335 2780 417 2819 Viri
457 2779 758 2828 incomparabilis
795 2778 924 2817 Claud.
980 2775 1174 2828 Hesychio
1190 2777 1443 2833 reponendum
1461 2781 1598 2814 censet.

1279 2846 1351 2883 30
