1864 3132
943 281 1045 331 222

151 399 246 440 130
281 389 373 437 ista
417 392 445 421 *θ
469 389 867 442 contra-habeat.
913 391 1096 455 „Apud
1137 389 1335 440 Grcecos
1371 393 1476 440 „El”
1511 393 1717 442 duarum

136 2524 221 2564 131

282 464 655 528 obtinetvicem,
695 466 858 518 brevis
891 475 938 516 et
967 469 1236 532 produc-tce.
1309 480 1346 519 Ο
1385 487 1500 519 vero
1541 477 1589 520 et
1620 486 1719 533 pro

282 540 434 599 brevi,
460 548 506 589 et
521 559 616 605 pro
641 542 811 607 longa,
847 551 893 592 et
908 561 1002 608 pro
1027 556 1063 595 U
1079 546 1244 607 posita
1268 553 1355 595 est.
1414 547 1511 595 Sed
1533 547 1718 614 regerit

280 619 353 668 vir
377 621 604 677 eruditus,
628 621 720 669 illis
744 623 857 677 haec.
873 625 1153 687 neutiquam
1177 625 1435 684 adversari,
1459 632 1717 690 propterea

281 699 412 760 quod
458 714 551 746 vox
595 699 812 748 duarum
856 701 1079 749 comitem
1125 717 1223 750 non
1270 703 1446 750 habeat
1501 694 1732 760 tantum.
1790 762 1793 766 ἡ

280 773 543 834 duntaxat,
588 775 665 823 vel
708 776 874 826 simile.
971 777 1079 842 Age
1124 778 1299 843 igitur:
1376 778 1539 843 Finge
1584 778 1715 842 apud

281 847 663 898 Grammaticum
687 852 960 915 quempiam
984 868 1241 900 occurrere
1266 872 1276 901 ε
1331 851 1477 915 Apud
1505 850 1717 900 Latinos

279 926 477 989 numeri
509 935 628 976 sunt
660 929 773 987 duo,
801 945 1028 991 persone&
1062 946 1177 977 vero
1213 935 1343 977 tres:
1404 929 1583 976 Annon
1609 927 1719 992 jam

279 1003 386 1050 haec
427 1005 597 1052 eodem
634 1006 782 1069 plane
814 1001 1051 1065 rebidunt,
1091 1023 1149 1054 ae
1185 1007 1224 1054 si
1257 1006 1455 1054 dixisset
1483 1006 1580 1054 duo
1605 1012 1717 1054 tan-

279 1083 429 1130 tum?
486 1085 819 1149 Quisquamne
853 1093 941 1145 est,
983 1088 1202 1144 obsecro,
1244 1087 1328 1150 qui
1363 1086 1479 1133 illud
1520 1091 1716 1133 tantum

278 1159 551 1230 desideret?
606 1162 792 1210 Contra
827 1163 865 1209 si
902 1163 1007 1225 quis
1043 1159 1257 1209 diceret?
1325 1161 1473 1224 Apud
1515 1159 1716 1208 Graecos

276 1238 475 1285 numeri
508 1245 624 1287 sunt
658 1239 771 1296 duo,
790 1239 1032 1302 „per'sonae
1066 1255 1179 1287 vero
1220 1245 1351 1286 tres.-
1405 1237 1716 1294 exclamaret,

277 1314 465 1376 opinor,
505 1314 633 1362 inter
661 1315 848 1378 *primos
881 1316 955 1382 vir
988 1316 1236 1364 eruditus:
1298 1314 1477 1362 Annon
1516 1329 1647 1375 vero,
1686 1328 1713 1360 ο
1798 1362 1803 1367 ,

278 1387 526 1446 bellatule,
561 1396 661 1438 tres
683 1390 852 1438 itidem
875 1398 992 1439 sunt
1014 1389 1252 1439 numeri?
1321 1388 1530 1452 Dignus
1552 1387 1718 1449 hercle

277 1480 343 1522 es,
381 1465 623 1514 cum-tuis
657 1466 879 1514 numeris
912 1467 995 1515 cui
1022 1474 1172 1530 caput
1207 1483 1307 1514 non
1341 1465 1489 1514 semel
1527 1463 1714 1512 demul-

275 1551 463 1592 ceatur.
536 1546 601 1592 At
647 1546 763 1609 quid
809 1546 876 1593 ita
922 1540 1154 1594 tandem?
1225 1545 1352 1605 Quia
1385 1543 1583 1606 scilicet,
1630 1541 1715 1606 qui

273 1625 415 1672 istum
440 1625 490 1671 in
514 1625 708 1672 modum
732 1625 961 1688 loquitur,
997 1641 1223 1685 numeros
1248 1640 1351 1671 esse
1375 1629 1570 1671 tantum
1593 1622 1715 1669 duos

272 1701 530 1766 significat.
602 1701 757 1754 Porro
780 1709 959 1760 autem,
994 1709 1049 1750 ut
1075 1702 1351 1762 Victorinus
1385 1701 1476 1748 sibi
1507 1705 1712 1761 constet,

270 1777 392 1823 alius
429 1783 591 1824 tamen
628 1799 846 1834 κομματος
885 1777 1090 1840 scriptor
1129 1777 1277 1825 fuisse
1311 1777 1518 1832 videtur,
1565 1789 1711 1839 quam

270 1852 350 1899 cui
389 1852 440 1910 in
479 1869 531 1899 re
572 1852 846 1917 hujusmodi
880 1853 998 1900 fides
1034 1854 1094 1900 sit
1130 1853 1369 1909 habenda,
1410 1867 1520 1898 cum
1559 1850 1711 1913 ipsius
1760 1909 1763 1916 1

269 1928 502 1976 doctrinae
560 1944 622 1975 ex
679 1929 894 1992 antiquae
953 1930 1204 1992 scripturae
1262 1927 1586 1977 monumentis
1646 1943 1709 1990 ne

268 2020 419 2051 unum
478 2004 673 2067 quidem
731 2004 907 2063 faveat,
975 2005 1106 2052 haud
1162 2021 1320 2069 pauca
1376 1999 1708 2053 adversentur.

269 2081 366 2129 Sed
400 2096 560 2143 neque
602 2081 847 2129 hominem
887 2097 1042 2145 usque
1081 2081 1203 2128 adeo
1237 2080 1373 2145 parvi
1406 2079 1547 2137 faciO,
1589 2078 1707 2143 quin

265 2158 374 2215 ista,
414 2168 446 2204 E
473 2165 639 2206 autem
665 2174 759 2220 pro
797 2169 830 2206 Ε
865 2164 911 2206 et
943 2168 1072 2206 ΙΩΤΑ
1075 2170 1117 2216 ‚†
1153 2158 1533 2205 additamentum
1557 2156 1707 2204 fuisse

267 2237 461 2285 medam
507 2239 568 2285 ab
613 2237 776 2300 aliquo
823 2237 992 2284 rudem
1038 2235 1165 2283 illam
1212 2242 1359 2299 atque
1415 2233 1706 2300 indigestam

267 2315 441 2363 molem
489 2334 601 2382 pag.
651 2323 715 2365 16
797 2322 1132 2364 occurrentem
1178 2316 1336 2364 minus
1382 2321 1515 2363 recte
1560 2314 1708 2363 inter-

265 2398 489 2463 pretante
518 2393 804 2456 profectum.

347 2503 376 2532 ⁵*
399 2501 533 2549 Alius
573 2505 874 2553 auctoritatis
914 2505 1022 2552 loco
1057 2503 1335 2552 laudatvvir
1374 2502 1587 2558 eruditus
1622 2517 1705 2549 ex-

267 2588 435 2645 cerpta
472 2582 693 2645 quaedam
725 2599 785 2630 ex
818 2583 1089 2631 Athenae0:
1143 2582 1219 2629 ὁτι
1252 2602 1418 2630 παντες·
1451 2581 1491 2627 οἱ
1525 2601 1705 2645 αρχαιοε

265 2680 331 2722 τῳ
365 2668 455 2705 ΟΥ·
475 2679 575 2706 oum
612 2680 693 2705 του
736 2668 773 2707 Ο
810 2681 1039 2724 στοιχειου
1074 2673 1410 2725 προσεχρωντο·
1463 2665 1706 2723 παραπλη-

321 2815 386 2855 47.
414 2809 505 2848 vid.
541 2808 590 2848 R.
617 2808 670 2847 D.
713 2810 751 2848 in
787 2812 958 2862 Append.
1080 2815 1104 2856 †
1150 2814 1239 2854 Vid.
1279 2811 1328 2850 R.
1360 2811 1415 2850 D.
1456 2812 1494 2850 in
1530 2811 1703 2864 Append.

267 2875 419 2927 p.14*.
498 2902 501 2904 ψ
848 2912 852 2916 ἃ
1011 2878 1099 2917 ibid.
1146 2912 1147 2915 ,
