1864 3132
795 278 891 327 161

127 388 292 451 Atque
336 386 430 434 hoc
464 383 668 449 quidem
722 389 869 446 pacto
925 383 1174 432 rotundior
1204 378 1378 435 etiam
1425 379 1549 430 effici

127 464 317 514 videtur
340 451 594 518 sententla,
629 460 760 524 quod
781 461 973 525 ετρεφεῡ
1008 461 1107 521 (vel
1137 461 1177 509 si
1199 461 1334 509 malis
1366 467 1552 527 ετρεφε.

123 544 172 591 h.
198 560 240 591 e.
273 543 482 608 ετρεφεο)
519 539 733 605 ejusdem
765 538 826 586 sit
855 545 905 585 et
933 539 1064 586 vocis
1099 546 1149 587 et
1178 539 1408 603 temporis
1439 554 1550 586 cum

126 622 436 685 praecedente
479 618 604 680 ηεξευ
648 614 870 664 Pulchre
916 615 1109 680 quidem
1151 616 1402 664 crescebas
1436 613 1551 679 pul-

126 697 335 762 chreque
368 693 666 743 educabaris.

196 817 257 864 V.
285 828 354 869 87.
403 820 614 879 Εσπεριος
646 835 774 864 κεινος
806 833 867 875 ’γε
900 819 1040 869 τελεε,
1061 804 1063 807 ¹
1083 833 1144 858 τα
1177 833 1247 859 κεν
1279 833 1345 868 ηοι
1380 808 1553 879 νοησῃ]

131 894 291 954 Quam
336 892 516 940 frustra
568 890 664 938 sint
707 889 740 936 ii
786 889 869 954 qui
912 888 1266 953 diphthongum
1320 892 1556 951 sequente

133 986 347 1019 consona
391 969 566 1033 corripi
577 968 616 995 ⁶²
666 983 808 1032 posse
852 967 1242 1025 volunt,—-⁴satis
1287 967 1558 1014 docuerunt

134 1133 231 1172 0:77³
253 1132 291 1172 ἐν
315 1135 456 1182 γενείου
483 1133 651 1186 ξυλλογῇ
677 1131 819 1185 τριχό-

129 1198 495 1248 ματος-Τὶιθοὲοῐι.
510 1201 602 1242 492.
621 1196 820 1249 Καρπαλί-

130 1279 204 1312 μως
236 1262 265 1301 δ’
283 1259 342 1315 ἄρ’
371 1261 506 1300 ἔπειτα
527 1260 631 1309 μένος
650 1260 708 1297 καὶ
735 1260 821 1312 φαί-

130 1327 214 1374 διμα
239 1330 323 1374 γυῖα
354 1324 519 1377 Ηῦξατο
543 1329 629 1361 τοῖο
656 1322 819 1361 ἄνακτος

134 1391 253 1428 Moero
289 1390 386 1441 apud
421 1390 560 1428 Athen.
581 1402 645 1436 XI,
663 1393 756 1434 491.
797 1390 821 1425 ὁ

132 1452 162 1492 δ’
188 1454 337 1504 α’έξατο
360 1454 453 1489 πᾶσι
480 1452 648 1499 μέλεσσι·
705 1451 822 1501 Atqui

133 1528 287 1565 operam
303 1515 496 1565 oleumque
514 1514 682 1564 perdidit.
726 1514 822 1551 Vide

134 1579 239 1629 praef.
275 1580 322 1616 ad
358 1578 413 1617 D.
434 1577 483 1615 R.
518 1578 708 1627 opuscula,
744 1578 822 1615 xlii.

136 1643 232 1681 conf.
287 1642 336 1679 R.
367 1642 414 1679 P.
475 1641 616 1679 Advss.
663 1654 700 1690 p.
733 1644 823 1679 228.

135 1709 282 1755 Tmen,
300 1721 335 1757 p.
437 1735 446 1744 .
504 1706 564 1743 De
581 1706 709 1744 formis
729 1705 823 1759 τροί-

137 1790 208 1820 am,
229 1772 377 1826 τράφω,
404 1770 541 1825 τράχω
560 1771 726 1808 inaudita
742 1783 827 1808 nar-

137 1844 196 1876 rat
222 1836 400 1874 Boeclcius
425 1837 473 1873 ad
499 1836 605 1873 Pind.
631 1834 744 1885 Pyth.
763 1846 824 1879 1v‚

141 1904 231 1940 115.
262 1906 310 1947 et,
337 1900 504 1937 mirabile
528 1899 640 1946 dictu,
669 1898 826 1948 peregri-

137 1979 228 2003 nam
272 1964 428 2018 τρέφων
465 1971 644 2015 tanquam
679 1963 826 2013 Euripi-

139 2031 248 2068 deam
266 2030 394 2067 laudat
406 2030 503 2079 apud
519 2030 649 2080 Etym.
666 2028 772 2078 Mag.
787 2041 825 2065 v.

141 2095 304 2147 τρέφειν.
322 2093 484 2147 Ἀφρων
506 2091 552 2130 ἄν
578 2094 665 2140 εἴην,
695 2096 724 2130 εἶ
744 2090 828 2145 τρέ-

142 2167 226 2211 φοιν
244 2159 298 2197 τά
314 2160 389 2197 τόν
407 2158 534 2197 πέλας.
575 2158 679 2196 Nlale
699 2157 827 2195 Valck-

140 2236 260 2262 enaer.
287 2222 488 2278 ἔκτρέφων.
522 2222 677 2277 ’τρεφον
710 2222 758 2261 R.
777 2223 825 2260 Ρ.

142 2288 283 2325 Advss.
296 2300 334 2336 p.
353 2292 445 2331 277.
502 2288 540 2326 Si
557 2288 655 2324 hunc
674 2300 826 2324 aureum

139 2350 305 2389 libellum
324 2363 359 2399 p.
379 2354 470 2388 303.
499 2350 730 2399 inspexisset,
753 2364 827 2389 non

143 2415 413 2465 Epicharmum
444 2414 539 2462 apud
569 2414 672 2451 Stob.
705 2415 825 2452 Serm.

143 2490 351 2525 xxxvnx,
384 2491 422 2526 p.
449 2480 672 2515 2222-151.
718 2477 825 2517 Grot.

142 2543 290 2594 gravius
334 2541 524 2579 afflixisset
563 2540 601 2576 in
645 2541 739 2578 notis
781 2541 829 2578 ad

143 2608 252 2645 Pind.
281 2607 397 2657 Pyth.
419 2618 448 2643 1.
466 2609 530 2649 92.
577 2605 640 2642 Τίς·
677 2605 717 2643 δέ
751 2605 828 2643 KA

145 2671 281 2709 ΛΩῙΗ
305 2670 473 2719 γενέσθαι
498 2669 549 2717 μή
574 2670 829 2720 φθονούμενος,

145 2735 278 2786 pnes-3
320 2738 345 2755 “
368 2733 502 2771 Pollux
522 2745 563 2779 x,
583 2736 646 2776 72.
682 2732 718 2769 in
746 2733 833 2783 Epi-

145 2796 291 2834 charmi
323 2797 464 2835 senario
495 2796 579 2834 fern'
606 2809 679 2834 non
713 2803 833 2846 potest

72 2914 76 2915 ⁷
148 2860 347 2910 δηλοίμηη
376 2860 569 2912 requiritur
593 2860 631 2897 vi
649 2860 757 2898 metri
774 2860 835 2899 vel

873 1131 984 1177 δηλοῖ
995 1131 1075 1179 μὲν,
1104 1131 1164 1170 vel
1182 1130 1365 1180 δηλοῖμεν,
1398 1130 1459 1168 vel
1486 1129 1559 1168 for-

872 1202 971 1234 tasse
1001 1194 1108 1233 'Ou’w’
1143 1194 1182 1234 ἐν
1217 1194 1312 1247 κοῖδῳ
1350 1195 1395 1242 δή
1429 1196 1560 1248 λῷμεν,

873 1259 952 1297 οὔτ’
971 1261 1009 1300 ἐν
1025 1259 1202 1313 α’μφορεΐ.
1231 1260 1360 1312 λῷμεν,
1385 1259 1559 1306 volumus,

874 1328 915 1360 ut
939 1330 1017 1377 λῃς,
1047 1323 1114 1370 vis,
1148 1324 1274 1375 λῷντι,
1307 1323 1444 1370 volunt,
1474 1324 1562 1360 Δω-

873 1388 991 1440 ρικῶς.
1046 1387 1240 1437 Aristoph.
1274 1387 1365 1438 Lys.
1383 1392 1476 1432 980.
1507 1387 1563 1424 λῶ

876 1469 914 1500 τι
955 1454 1106 1504 μυσίξαι
1154 1452 1252 1490 νέον”
1329 1452 1561 1489 RICARDUS

877 1515 1131 1553 Bmumus
1157 1515 1270 1553 T.H.
1300 1527 1335 1563 p.
1454 1532 1496 1550 =
1523 1526 1562 1563 p.

879 1582 969 1622 299.
996 1578 1104 1617 Conf.
1127 1578 1171 1615 T.
1187 1577 1241 1614 H.
1267 1579 1313 1615 ad
1333 1577 1500 1628 Hesych.
1523 1589 1562 1617 v.

880 1642 1092 1688 RIverffiBew,
1127 1641 1252 1679 Valck.
1277 1642 1325 1679 ad
1352 1642 1491 1680 vaer.
1518 1642 1563 1682 P.

881 1717 1031 1743 Lxxn.

933 1769 999 1808 62.
1029 1771 1103 1808 Ad.
1120 1770 1161 1818 l.‚
1176 1784 1265 1821 quos
1281 1771 1435 1822 attigiin
1451 1772 1564 1811 Gent.

879 1832 988 1883 Dlag.
1003 1833 1102 1881 (Oct.
1117 1833 1178 1870 vel
1189 1834 1236 1870 N
1234 1847 1291 1873 ov.
1310 1839 1436 1884 1797).
1470 1835 1566 1872 Vide

878 1897 974 1934 infra
992 1898 1038 1934 ad
1054 1897 1104 1934 R.
1122 1898 1175 1936 D.
1194 1911 1229 1947 p.
1246 1897 1336 1943 269.
1366 1899 1424 1935 De
1442 1898 1566 1936 iambo

881 1962 1042 2012 Philippi
1068 1963 1344 2002 Melancthonis
1376 1963 1568 2002 Marklan-

880 2028 946 2064 dus
956 2043 971 2071 ;
1013 2032 1036 2051 “
1057 2028 1211 2066 mallem
1230 2030 1305 2066 τῶν
1324 2031 1509 2077 συγγενῶν
1528 2030 1569 2068 δὲ

880 2092 1001 2146 δᾶκρῖῗ
1043 2093 1220 2133 αἰδεῖσθαι
1263 2095 1403 2149 χρεών,
1453 2109 1566 2146 quam

881 2157 957 2194 τῶν
976 2160 1161 2206 συγγενῶν
1178 2158 1209 2197 δ’
1227 2159 1404 2198 αἰδεῖσθαι
1430 2159 1567 2213 δᾶκρνα

880 2221 1017 2274 χρεῶν,
1030 2227 1209 2270 correpta,
1229 2228 1269 2258 ut
1281 2222 1348 2259 Ille
1364 2223 1568 2277 [Reiskius]

881 2285 1012 2323 ultima
1041 2286 1189 2336 syllaba
1214 2286 1252 2324 in
1280 2288 1458 2327 αἰδεῖσθαι
1483 2295 1568 2327 ante

881 2361 1106 2387 consonam:
1144 2350 1241 2400 quod
1266 2350 1303 2387 iu
1323 2351 1454 2390 Iambo
1473 2353 1568 2391 Tra·

881 2413 962 2462 gico
998 2413 1139 2451 factum
1174 2427 1363 2464 nunquam
1406 2417 1480 2453 vidi
1523 2430 1568 2455 ne

881 2484 965 2514 ante
979 2477 1160 2515 Vocalem
1172 2478 1351 2528 quidem.”
1375 2481 1422 2517 ad
1439 2481 1569 2530 Suppl.

885 2540 1001 2588 263.;
1045 2543 1125 2579 haec
1155 2543 1193 2580 in
1226 2544 1379 2583 editione
1410 2547 1570 2585 secunda

883 2619 1067 2656 nusquam
1116 2614 1356 2656 comparent;
1426 2611 1568 2649 utinam

884 2669 1038 2707 delenda
1061 2671 1260 2709 censuisset
1277 2685 1356 2722 quae
1373 2673 1420 2709 ad
1448 2686 1485 2711 v.
1503 2678 1568 2711 42.

885 2741 1033 2772 monet:
1092 2741 1116 2758 “
1137 2735 1222 2772 Scio
1266 2735 1302 2772 in
1355 2737 1569 2785 Anapaestis

887 2799 1074 2850 syllabam
1101 2800 1160 2837 AI
1189 2805 1273 2838 ante
1291 2800 1459 2837 vocalem
1490 2800 1574 2850 [ali-

889 2865 1035 2914 quando
1069 2864 1125 2901 ed.
1159 2865 1213 2916 2.]
1254 2864 1384 2913 corripi
1419 2877 1526 2913 posse
1538 2864 1573 2909 ;''
