1864 3132
774 220 792 284 (
857 217 920 270 ix
986 215 1004 279 )

167 317 413 384 scriptori,
435 317 521 385 sed
540 302 915 381 antasffhistoew
950 306 1208 382 defer-amq
1250 307 1432 366 Verum
1463 316 1611 365 enim-

171 411 285 443 vero
322 394 443 442 satis
470 390 784 460 festinanter
820 407 879 439 ac
919 397 1094 440 temere
1132 392 1217 440 hoc
1234 389 1365 458 fieri
1377 433 1384 437 Α
1399 392 1608 440 videtur.

176 469 367 534 Quippe
402 469 468 518 ad
502 468 832 533 anti-sophistae
847 468 1146 532 provinciam
1181 470 1500 521 exornandam
1538 469 1615 518 nil

171 550 430 616 quidquam
451 549 737 616 requiritur,
759 548 854 596 nisi
872 546 997 613 quod
1010 548 1306 597 emendatori
1318 550 1522 614 perinde
1543 550 1611 598 sit

169 628 503 677 necessarium.
572 627 647 676 At
685 645 794 695 quoe
825 628 878 675 in
906 625 1047 691 hujus
1083 645 1277 675 munere
1310 628 1611 692 proecipuam

167 713 358 772 partem
395 706 711 766 constituunt,
749 705 825 753 illi
859 705 963 754 sine
997 702 1284 753 incommodo
1308 706 1464 754 deesse
1472 714 1610 771 pote*

169 793 308 834 runt.
382 785 517 838 Quid
542 785 668 834 enim
685 787 712 833 ,9
752 783 907 833 Unam
933 783 1139 832 locorum
1169 783 1366 832 classem
1385 784 1612 833 adversus

166 880 452 930 germanam
490 863 708 930 loquendi
738 850 965 923 normam,
991 863 1199 912 alteram
1222 862 1449 912 adversus
1469 864 1612 912 indu-

174 942 342 990 bitatoe
381 942 607 990 historice,
633 939 795 1007 fidem
829 958 1065 1006 peccare3
1126 942 1326 991 tertiam
1368 949 1612 991 auctorem

169 1033 310 1065 suum
331 1024 459 1066 recte
478 1017 804 1066 ratiocinandi
823 1019 1100 1083 imperit-um
1116 1035 1350 1084 arguere:
1384 1023 1614 1085 quartam

171 1093 384 1160 denique,
424 1094 468 1142 si
498 1094 550 1142 in
564 1094 921 1160 pseudo-poetae
954 1094 1152 1159 scriptis
1172 1096 1392 1155 verseris,
1428 1094 1613 1160 legibus

162 1171 488 1236 prosoediacis
547 1171 800 1238 adversari
850 1180 990 1222 extra
1051 1189 1232 1221 omnem
1278 1173 1614 1220 controversiae

0 1236 14 1311 f
170 1248 324 1298 aleam
340 1313 349 1320 ζ
363 1250 586 1314 posuisti.
656 1251 837 1317 Euge!
882 1250 1234 1315 Antisophistae
1269 1268 1442 1299 munus
1479 1250 1614 1300 laute

0 1312 19 1392 ζμ
167 1326 524 1376 αᾱηιίηἱείναείἱ
538 1348 555 1376 .·
586 1327 682 1376 nisi
684 1325 833 1395 sorte
856 1328 964 1395 quis
985 1345 1134 1394 usque
1160 1327 1276 1376 adeo
1297 1327 1613 1376 incommodus

0 1395 17 1444 ἱ
118 1413 125 1418 ’
173 1408 321 1469 atque
343 1403 647 1468 importunus
669 1406 959 1470 reperiatur,
982 1412 1040 1453 ut
1060 1405 1224 1471 aliqua
1237 1406 1436 1469 insuper
1453 1429 1611 1464 τεκμη-

0 1451 11 1515 ξ
167 1504 240 1546 pta
272 1488 459 1545 poscat,
508 1482 680 1548 quibus
715 1483 1042 1546 sophistarum
1089 1488 1138 1530 et
1178 1482 1507 1540 librariorum,
1554 1487 1613 1530 ut

0 1517 18 1640 ξ’
55 1579 58 1583 ’
170 1556 450 1605 criticorum
485 1557 693 1619 mittam,
722 1557 938 1624 flagitia
977 1557 1236 1606 internosci
1262 1557 1469 1621 possint.
1525 1556 1613 1629 ‘At

0 1641 8 1678 l
170 1633 296 1681 enim
339 1649 482 1699 quam
515 1633 723 1682 arduum
745 1635 945 1698 insuper
968 1640 1121 1683 restet
1152 1634 1449 1683 emendatori
1478 1650 1611 1698 opus,

171 1710 302 1760 mille
334 1717 730 1776 argumentorum
764 1712 925 1760 instar
962 1729 1061 1760 esse
1086 1718 1321 1776 poterunt
1356 1710 1614 1760 inconditae

0 1817 9 1862 -ζ
167 1787 467 1838 eruditorum
502 1788 818 1853 compl-urium
838 1787 1141 1855 conjecturae,
1181 1805 1297 1855 quos
1334 1794 1495 1837 tamen
1517 1788 1613 1852 ipsi

164 1867 395 1915 vitiorum
433 1865 583 1914 indoli
605 1865 1032 1915 commonstrandae
1057 1882 1205 1930 pares
1216 1864 1387 1932 fuisse
1409 1873 1608 1914 constet.

169 1939 329 1990 Unum
347 1942 615 1992 Kusterum
635 1944 687 1992 in
710 1942 859 1993 Notis
878 1944 944 1993 ad
964 1944 1337 2008 Aristophanem
1354 1944 1515 1994 videre
1530 1952 1609 1993 est

167 2025 372 2068 metrum
388 2019 666 2073 ,claudicans
688 2022 866 2071 centies
894 2029 1182 2086 crepantem,
1222 2039 1327 2071 cum
1350 2029 1511 2072 tamen
1535 2030 1611 2072 tot

167 2095 376 2146 locorum
395 2114 455 2146 ne
477 2097 530 2147 in
550 2115 645 2147 uno
660 2098 848 2166 quidem
866 2099 987 2150 Viro
1010 2099 1083 2149 Gt.
1101 2100 1374 2167 conjectura
1380 2099 1610 2168 feliciter
1630 2102 1728 2153 viii.

225 2251 289 2292 16.
317 2256 344 2275 “
356 2252 524 2292 Bentleii
545 2252 859 2293 dissertationem
917 2259 997 2293 stet
1015 2267 1064 2293 ex
1083 2254 1200 2294 variis
1228 2254 1367 2294 studiis
1385 2262 1423 2296 et
1442 2257 1607 2304 artibus,

167 2309 426 2354 immortalem
442 2316 492 2355 de
505 2317 750 2364 Phalaride,’'
770 2332 859 2371 quae
914 2319 955 2358 in
1002 2319 1148 2370 quibus
1200 2320 1362 2372 singulis
1409 2324 1607 2363 excellere

156 2375 347 2416 eruditos
358 2377 478 2417 tantis
492 2378 653 2418 dotibus
666 2379 859 2426 instruxit,
915 2381 1074 2421 difficile
1103 2388 1176 2428 est,
1218 2388 1302 2422 tum
1331 2383 1373 2422 in
1401 2385 1477 2424 hac
1507 2398 1609 2437 prae-

168 2437 338 2479 ridicule
358 2447 400 2479 et
427 2440 586 2492 indigne
614 2448 753 2482 notare
780 2456 861 2482 non
915 2445 1047 2484 sertim
1087 2446 1293 2497 sagacitas,
1340 2454 1382 2486 et
1419 2448 1605 2499 quaedam

169 2502 328 2542 erubuit
365 2503 415 2542 R.
446 2504 526 2549 D.;
572 2504 661 2544 vide
694 2520 735 2558 p.
771 2512 860 2553 107.
915 2507 1122 2556 divinatio,
1161 2522 1237 2550 nec
1266 2509 1476 2550 mediocris
1513 2525 1613 2563 pru-

171 2566 271 2604 “At
308 2566 396 2605 haee
443 2567 612 2608 Critices
649 2583 739 2621 pars
769 2569 862 2620 jure
916 2572 1054 2611 dentia
1071 2573 1367 2624 requiruntur.”
1395 2574 1634 2618 Schrader„

174 2635 342 2682 putatur
369 2643 447 2670 una
474 2644 553 2671 esse
573 2635 747 2673 omnium
765 2634 866 2674 diffi-
920 2638 1009 2678 Em.
1038 2650 1079 2691 p.
1101 2643 1194 2679 200.

172 2692 329 2734 cillima.
382 2695 488 2735 Nam
529 2709 621 2736 cum
654 2703 740 2738 tota
773 2713 867 2740 con·
