1864 3132
858 232 964 281 367⁷

200 346 266 391 Εν
288 338 335 389 δε
358 362 451 391 τοις·
473 345 634 389 eniam
656 357 763 402 πυρ.
834 336 894 384 In
920 306 1190 384 eburngum
1214 328 1641 399 dsstem·mig'1⁴asse

198 419 315 484 quid
349 417 547 466 tandem
573 414 743 479 aptius
781 412 875 468 dici
912 413 1085 477 potuit,
1125 428 1270 477 quam
1306 426 1416 475 quae
1455 415 1640 459 cornea·

199 496 379 546 soleret
401 496 513 542 ess&
526 488 768 541 hte'mu?
815 490 1039 539 Geminae
1068 490 1224 539 somni
1256 495 1428 554 portae,
1456 492 1642 537 cornea

199 579 251 621 et
292 570 526 627 eburnea,
572 568 652 616 cui
697 572 796 615 non
833 565 1038 631 perinde
1072 574 1221 630 atque
1267 565 1419 630 Hylas
1463 560 1640 615 dictae‘!

201 651 365 714 Atque
386 665 448 697 ex
472 650 566 696 hac
588 647 784 713 quidem
809 646 897 695 viri
922 646 996 694 Cl.
1023 647 1084 694 de
1116 643 1395 708 muscipula
1417 642 1642 711 eburnea-

200 727 494 776 in·somnium
517 724 1050 776 evolassevcrediderim.
1088 723 1246 784 Quam
1262 723 1313 770 in
1331 721 1639 778 sententiam,

201 811 256 852 ut
277 804 431 852 lector
452 803 598 851 etiam
621 802 836 851 eruditus
860 801 1111 859 concedat,
1124 800 1286 857 faciet,
1300 799 1490 863 opinor,
1509 796 1643 861 quod

191 882 299 947 jum
322 881 461 929 dictis
482 881 761 948 adjecturus
783 896 904 928 sum.
952 879 1056 927 Viri
1077 879 1246 944 utique
1267 878 1341 926 Cl.
1366 880 1643 925 commento

202 972 439 1022 perquam
461 957 766 1006 incommode
788 956 980 1015 accidit,
1016 957 1146 1022 quod
1168 972 1263 1004 vox
1286 975 1399 1012 ιπος,
1431 967 1643 1018 quacum

205 1033 441 1099 conjungi
475 1033 684 1082 voluerit
709 1033 964 1081 articulum
987 1032 1321 1088 masculinum,
1357 1030 1429 1077 uti
1466 1034 1516 1076 et
1559 1027 1644 1075 ad-

195 1109 433 1176 jectivum
472 1117 776 1178 ελεφαντινος,
825 1110 1022 1177 generis
1062 1125 1234 1159 revera
1277 1109 1340 1157 sit
1384 1105 1642 1156 foeminini.

205 1182 360 1254 Cujus
404 1189 476 1238 rei
522 1189 751 1238 idoneum
799 1189 888 1237 tibi
940 1195 1112 1249 tesoem
1158 1187 1427 1235 Pindarum
1484 1182 1645 1234 citabo

208 1264 404 1330 Olymp.
430 1283 502 1315 1v.
534 1278 599 1316 10.

400 1439 402 1441 ¹
633 1363 681 1426 ὅς
715 1381 883 1424 Αιτναν
915 1397 1031 1440 ext-:19

291 1466 300 1475 x
348 1451 536 1498 ΙΠΟΝεἶθ
567 1443 971 1498 ἨΝΕΜΟΕΣΣΑΝ
1006 1450 1200 1511 ἑκατογ-

347 1533 528 1592 κεφαλα
561 1531 767 1592 Τυφωνος
801 1527 1005 1591 οβριμου.

214 1631 399 1705 Neque
441 1638 570 1687 enim
611 1625 718 1701 haeo
763 1637 913 1686 verba
956 1636 1028 1684 fas
1073 1642 1147 1684 est
1195 1635 1264 1682 ita
1307 1627 1549 1691 divellere,
1595 1636 1651 1681 'ut

216 1737 488 1775 ηνεμοεσσαν
527 1732 625 1764 non
657 1715 763 1781 jam
797 1716 860 1763 ad
894 1737 995 1763 ιπον
1019 1714 1104 1762 sed
1124 1713 1187 1761 ad
1202 1716 1370 1761 Αιτναυ
1393 1709 1649 1759 referatur.

280 1794 470 1843 Tertiae
496 1792 920 1859 classis-ejusmodi
956 1797 1030 1839 est
1065 1789 1268 1847 indoles,
1303 1794 1359 1836 ut
1391 1788 1443 1835 in
1482 1802 1543 1835 ea
1574 1800 1650 1835 re*

210 1871 444 1939 fingenda
466 1871 764 1937 conjecturae
787 1869 1087 1934 potissimum
1111 1883 1206 1932 ope
1230 1866 1482 1915 nitendum
1506 1864 1600 1913 sit:

279 1969 293 1994 ¹
333 1974 518 2019 Πολλου
540 1990 636 2035 ’γαρ
660 1991 816 2020 αυξτ-ους
839 1991 925 2033 ουχ
946 1977 1115 2033 εωρακᾶ
1137 1988 1311 2032 χρονου.

279 2047 299 2072 ²
338 2052 381 2095 Ο
400 2043 567 2112 δρακων
584 2068 682 2112 ’γαρ
705 2068 808 2095 εστι
831 2054 1010 2111 μῶερον,
1044 2051 1188 2094 anas·
1211 2066 1244 2092 τ
1266 2066 1321 2091 av
1342 2058 1516 2108 μακρον·

283 2123 302 2148 3
339 2128 449 2172 Num
467 2121 514 2171 δε
535 2145 812 2181 πεντηκοντα
834 2119 1037 2188 δρᾶχμων
1055 2129 1251 2179 εμπολω.

212 2205 223 2210 “
282 2200 302 2226 ‘¹
336 2197 466 2267 ‘Y3wp
491 2198 602 2266 ὕδωρ
623 2223 669 2248 εν
690 2210 860 2266 χῦτριῳ
884 2198 1156 2265 θερμαινετε.

220 2299 249 2328 *
263 2297 570 2362 Arg-umento
608 2296 805 2359 quidem
851 2302 1018 2344 nostro
1061 2293 1406 2360 gratulandum
1450 2292 1654 2351 videtur,
1694 2297 1790 2336 202

254 2420 268 2446 ¹
295 2425 369 2469 Pl.
396 2430 471 2475 98·
572 2419 590 2444 2
617 2423 699 2481 Eq.
725 2429 827 2471 207.
921 2419 939 2444 ³
962 2424 1068 2468 Pac.
1098 2429 1218 2467 1200.
1313 2420 1334 2446 ⁴
1357 2422 1468 2466 Aeh.
1498 2427 1623 2469 1174.

275 2569 341 2611 29.
367 2570 391 2590 “
408 2566 525 2603 ἵππον
538 2562 621 2601 Pal.
634 2563 679 2601 B.
694 2563 812 2601 ἵππον
827 2563 914 2601 Par.
967 2563 1155 2616 ὀμβρίμου
1171 2563 1410 2602 vetustiorem
1429 2562 1592 2601 formam
1610 2573 1657 2599 ex

222 2630 294 2675 A.;
315 2641 382 2678 pro
399 2628 554 2679 vulgato
572 2625 804 2675 ἠνεμόεσσαν
819 2627 915 2664 edidi
969 2629 1060 2668 Ald.
1077 2629 1201 2668 Mosc-
1222 2630 1273 2667 A.
1295 2628 1398 2666 Leid.
1417 2628 1463 2666 B.
1483 2629 1585 2678 Aug.
1603 2627 1657 2665 A.

221 2695 471 2744 ἀνεμόεσσαν,
498 2701 540 2733 ut
557 2694 673 2746 Pyth.
695 2706 725 2741 1,
743 2698 808 2739 92.
835 2693 918 2733 α’νε-
971 2696 1017 2733 Β.
1048 2695 1136 2733 Par.
1157 2696 1208 2732 A.
1235 2707 1260 2732 a
1276 2707 1329 2733 m.
1349 2707 1406 2745 pr.
1432 2693 1558 2731 Vatie.
1613 2691 1659 2729 In

224 2760 324 2808 μόεν,
362 2772 409 2798 ex
437 2759 529 2798 Ald.
561 2760 669 2798 Gott.
703 2758 828 2796 Mose.
865 2760 916 2795 A.
973 2757 1137 2807 Guelph.
1173 2769 1286 2808 supra
1309 2757 1447 2795 lineam
1472 2755 1579 2794 auita
1593 2753 1654 2793 lit-

227 2825 314 2865 Par.
324 2825 375 2865 A.
391 2826 492 2876 Aug.
508 2825 556 2864 B.
575 2823 919 2874 Vatic.ibidemque
970 2826 1051 2860 tera
1066 2822 1125 2870 μ.”
1166 2819 1359 2859 Boeclcius.
