1864 3132
819 193 893 240 65

320 320 374 346 αν
397 294 444 346 δε
466 317 643 362 μυχοισι
666 295 889 362 Πιεριδων.
941 303 1020 348 Τιν
1042 295 1078 355 δ,
1095 301 1362 365 -ελελιχθον,

492 385 514 407 ⁸
529 380 665 440 Ευρες
686 378 716 423 θ
738 375 782 426 ὃς
811 378 966 423 ‘tm-mant
993 374 1156 436 εσοὸον,
1453 386 1511 424 50
1613 385 1677 437 37

322 457 466 502 Μαλα
488 449 635 500 &Rom
660 474 754 513 νοῳ,
792 451 1025 517 Hoc-endunt,
1063 475 1352 519 προσεχεται.

597 534 781 578 Γλυκεια
805 527 851 576 δε
875 535 1009 595 φρην,

457 610 545 654 Και
565 607 854 668 ξυμποταισιν
875 606 1052 665 ὁμιλειν,

207 309 258 737 <evasae-‚⁵

393 689 632 733 Μελισσαν
654 684 889 744 αμειβεται
911 706 1078 749 τρητον
1102 706 1250 733 πονου.

140 823 220 864 bus
259 820 488 865 Pieridum.
545 821 601 864 Et
633 821 721 873 tibi,
765 830 881 865 terrae
926 837 1158 879 percussor,
1208 821 1280 879 qui
1315 830 1356 863 et
1394 820 1584 864 invenisti

143 908 377 955 equestrem
400 898 624 953 introitum,
640 899 759 942 valde
782 901 950 942 lubente
975 899 1127 954 animo,
1150 898 1367 956 Neptune,
1389 899 1582 942 adhaeret.

145 975 298 1018 Dulcis
344 984 483 1019 autem
520 993 651 1031 mens,
695 986 737 1020 et
774 994 871 1021 cum
914 977 1094 1021 convivis
1138 977 1410 1031 conversatio,
1455 993 1583 1034 apum

143 1052 352 1095 instar-est
371 1053 591 1096 cancellati
610 1054 763 1111 operis.

210 1181 355 1230 Vides
382 1182 488 1248 jam
526 1199 617 1247 per
651 1183 865 1249 singulas
900 1185 1124 1248 strophas
1165 1191 1215 1233 et
1253 1184 1585 1248 antistrophas

138 1273 309 1306 versus
332 1259 615 1317 secundum,
654 1261 867 1318 tertium,
909 1267 959 1308 et
997 1268 1224 1324 quartum
1260 1261 1311 1309 in
1352 1259 1584 1325 syllabam

141 1329 375 1393 brerem3
434 1336 647 1400 reliquos
686 1354 804 1387 vero
855 1354 1022 1387 omnes
1078 1339 1128 1387 in
1185 1338 1383 1404 longam
1436 1337 1584 1384 exire.

147 1409 294 1469 Quod
330 1417 494 1458 tamen
534 1419 589 1459 ut
628 1411 853 1460 effectum
893 1415 1117 1462 daremus
1160 1431 1311 1462 unum
1352 1414 1588 1460 duntaxat

145 1485 322 1544 locum,
370 1503 581 1550 eumque
619 1489 774 1536 altero
811 1490 1013 1553 insuper
1051 1491 1247 1539 nomine
1288 1497 1586 1554 corruptum,

147 1564 518 1615 immutavimuS.
578 1564 626 1612 Is
648 1572 810 1613 autem
837 1567 889 1614 in
914 1567 1047 1615 editt.
1074 1568 1233 1616 Oxon.
1260 1574 1309 1615 et
1332 1566 1495 1632 vulgg.
1521 1567 1588 1613 ita

149 1639 434 1689 exhibetur:
471 1639 530 1688 V.
556 1651 628 1699 30,
654 1653 724 1688 31.

419 1743 611 1804 Πατρος,
641 1740 968 1805 εναριμβροτον
997 1764 1153 1796 αμμει-
1195 1792 1197 1794 ,

420 1837 492 1866 νας
518 1837 815 1881 στραταρχον
841 1820 1060 1865 Αιθιοπων
1089 1823 1317 1874 Μεμνονα.

147 1920 259 1981 Quo
302 1925 449 1983 pacto
492 1927 633 1969 κωλου
683 1921 965 1985 posterioris
1021 1921 1213 1970 initium
1271 1922 1588 1973 ditrochaeum

145 1999 360 2064 praefert.
421 1998 583 2062 Atque
617 1998 700 2046 illo
735 1998 930 2062 quidem
963 1999 1014 2046 in
1036 1998 1145 2047 loco
1170 1999 1339 2047 haberi
1363 2006 1590 2063 oportere

147 2075 465 2123 ditrochaeum
490 2074 679 2124 censuit
702 2073 887 2122 Erasm.
926 2073 1213 2123 Schmidius.
1258 2075 1402 2136 Quod
1426 2082 1589 2123 tamen

202 2203 267 2244 49.
307 2200 367 2236 τίν
396 2199 432 2236 τ’
449 2197 531 2238 Ἐλ.
568 2198 777 2236 Hermann.
806 2211 843 2247 p.
894 2198 1000 2246 μάλα
1020 2198 1156 2236 α’δᾶῖντι
1177 2198 1258 2252 νόῳ,
1279 2188 1479 2246 Πὸσειδᾶν,
1498 2216 1593 2253 προ-

150 2267 242 2306 287.
283 2262 372 2300 τἰνδ’
389 2262 473 2302 Ἐλ.
517 2262 680 2312 Guelph.
715 2263 841 2301 Schol.
897 2261 1085 2317 σέρχεται
1113 2275 1160 2300 ex
1191 2262 1461 2313 Falkenburgio
1494 2262 1592 2301 Her-

151 2324 322 2362 Beckius.
351 2325 487 2370 τῖνηε
501 2324 561 2362 σοὶ
583 2318 762 2363 Laeones.
898 2338 1069 2363 mannus.
1106 2327 1165 2362 τίν
1185 2324 1234 2372 τ’,
1262 2325 1501 2378 Ἐλέλιχθον,
1530 2326 1592 2378 o’p-

207 2391 270 2427 50.
298 2387 338 2426 ὂς
358 2386 458 2440 εὗρες
485 2387 612 2425 Schol.
638 2389 791 2426 ἱππείαν
806 2390 844 2428 ἐς·
897 2394 978 2437 σγαΐς·
996 2391 1032 2428 ἐς·
1052 2390 1182 2426 ἱππ-ίαν
1199 2387 1333 2427 ἔσοδον
1345 2387 1447 2436 μάλα
1463 2387 1594 2427 (ἰδόντι

149 2453 238 2493 ὁδὸν
275 2454 361 2491 Par.
388 2454 438 2489 A.
485 2451 613 2507 ὀργαῖς
642 2451 780 2490 πάσαις·
806 2452 845 2491 ὃς·
900 2454 981 2507 νόῳ,
1001 2453 1202 2500 Ποσειδᾶν,
1214 2450 1470 2507 προσέχέται.
1493 2453 1590 2500 Tibi,

151 2521 302 2557 ἱππεῖαν
312 2517 841 2567 ἔσοδονῦοῖῒ.6υ81ρ11.νεη.
897 2520 1087 2569 Neptune,
1127 2524 1256 2568 suopte
1280 2519 1426 2569 ingenio
1461 2519 1592 2556 ductus
1635 2533 1638 2535 ’

154 2583 200 2620 Β.
215 2580 410 2635 Ῑ).,ἆρνγεῖν
429 2581 525 2619 Ven.
540 2581 581 2618 F.
599 2587 738 2620 πασαΐς
752 2581 842 2619 Ald.
897 2586 947 2624 ad
976 2584 1159 2635 equestria
1193 2583 1318 2620 studia
1356 2583 1519 2621 lubenter
1554 2592 1591 2621 se

153 2646 299 2684 εἴσοδον
329 2646 439 2684 Rom.
474 2643 574 2699 εὗρες·
602 2645 634 2684 θ’
654 2645 692 2684 ὃς
713 2649 843 2684 ἷππίαν
898 2649 1009 2687 dedit.
1058 2646 1252 2685 Boeckius.

148 2709 282 2753 ἔσοδον
296 2710 384 2749 MS.
402 2711 509 2749 Bodl.
528 2727 565 2758 Ύ.
597 2710 733 2750 ἶππέαν
744 2712 842 2750 Coll.
955 2717 1018 2753 53.
1046 2713 1290 2761 συμπόταισιν
1309 2711 1405 2750 Coll.
1427 2712 1563 2750 Eman.

153 2773 289 2813 Eman.
318 2777 445 2829 ὀργαῖς
474 2777 511 2815 ἐς
540 2777 692 2814 ἱππείαν
709 2775 845 2817 ἔσοδον

202 2864 216 2883 Ι
