<?xml version="1.0" encoding="UTF-8"?>
<!DOCTYPE html PUBLIC "-//W3C//DTD XHTML 1.0 Transitional//EN"
    "http://www.w3.org/TR/xhtml1/DTD/xhtml1-transitional.dtd">
<html xmlns="http://www.w3.org/1999/xhtml" xml:lang="en" lang="en">
 <head>
  <title>
</title>
<meta http-equiv="Content-Type" content="text/html;charset=utf-8" />
  <meta name='ocr-system' content='tesseract 3.04.00' />
  <meta name='ocr-capabilities' content='ocr_page ocr_carea ocr_par ocr_line ocrx_word'/>
</head>
<body>
  <div class='ocr_page' id='page_1' title='image "./miscellaneacriti00daweuoft_0238.png"; bbox 0 0 1864 3132; ppageno 0'>
   <div class='ocr_carea' id='block_1_1' title="bbox 938 162 1037 212">
    <p class='ocr_par' dir='ltr' id='par_1_1' title="bbox 938 162 1037 212">
     <span class='ocr_line' id='line_1_1' title="bbox 938 162 1037 212; baseline 0 0"><span class='ocrx_word' id='word_1_1' title='bbox 938 162 1037 212; x_wconf 81' lang='lat'><strong>166</strong></span> 
     </span>
    </p>
   </div>
   <div class='ocr_carea' id='block_1_2' title="bbox 247 264 1696 1179">
    <p class='ocr_par' dir='ltr' id='par_1_2' title="bbox 247 264 1696 1179">
     <span class='ocr_line' id='line_1_2' title="bbox 260 264 1690 337; baseline -0.003 -17"><span class='ocrx_word' id='word_1_2' title='bbox 260 264 296 300; x_wconf 74' lang='lat'><em>“</em></span> <span class='ocrx_word' id='word_1_3' title='bbox 316 272 476 337; x_wconf 88' lang='lat' dir='ltr'><strong>putet)</strong></span> <span class='ocrx_word' id='word_1_4' title='bbox 511 281 696 335; x_wconf 15' lang='lat' dir='ltr'><strong>parum.</strong></span> <span class='ocrx_word' id='word_1_5' title='bbox 713 269 830 324; x_wconf 89' lang='lat' dir='ltr'><strong>mihi</strong></span> <span class='ocrx_word' id='word_1_6' title='bbox 862 268 1147 334; x_wconf 85' lang='lat' dir='ltr'><strong>placuerit.’&#39;</strong></span> <span class='ocrx_word' id='word_1_7' title='bbox 1209 266 1329 317; x_wconf 56' lang='lat' dir='ltr'><strong>‘Sive</strong></span> <span class='ocrx_word' id='word_1_8' title='bbox 1358 287 1426 318; x_wconf 77' lang='grc' dir='ltr'><strong>τις</strong></span> <span class='ocrx_word' id='word_1_9' title='bbox 1445 289 1515 318; x_wconf 79' lang='grc' dir='ltr'><strong>κεν</strong></span> <span class='ocrx_word' id='word_1_10' title='bbox 1535 288 1690 325; x_wconf 59' lang='lat' dir='ltr'><strong>aeto-et,</strong></span> 
     </span>
     <span class='ocr_line' id='line_1_3' title="bbox 259 337 1690 415; baseline -0.003 -18"><span class='ocrx_word' id='word_1_11' title='bbox 259 364 345 397; x_wconf 78' lang='lat' dir='ltr'><strong>seu</strong></span> <span class='ocrx_word' id='word_1_12' title='bbox 368 369 435 397; x_wconf 79' lang='grc' dir='ltr'><strong>τις</strong></span> <span class='ocrx_word' id='word_1_13' title='bbox 455 337 709 415; x_wconf 50' lang='grc' dir='ltr'><strong>κενιᾳεὶσῃς</strong></span> <span class='ocrx_word' id='word_1_14' title='bbox 746 362 833 394; x_wconf 83' lang='lat' dir='ltr'><strong>seu</strong></span> <span class='ocrx_word' id='word_1_15' title='bbox 868 345 1078 411; x_wconf 81' lang='lat' dir='ltr'><strong>denique</strong></span> <span class='ocrx_word' id='word_1_16' title='bbox 1111 347 1176 396; x_wconf 49' lang='lat' dir='ltr'><strong>7⁸·ae</strong></span> <span class='ocrx_word' id='word_1_17' title='bbox 1209 367 1281 394; x_wconf 79' lang='grc' dir='ltr'><strong>κεν</strong></span> <span class='ocrx_word' id='word_1_18' title='bbox 1310 365 1449 393; x_wconf 85' lang='grc' dir='ltr'><strong><em>αεισοι</em></strong></span> <span class='ocrx_word' id='word_1_19' title='bbox 1481 343 1690 410; x_wconf 72' lang='lat' dir='ltr'><strong>legeris:</strong></span> 
     </span>
     <span class='ocr_line' id='line_1_4' title="bbox 260 421 1696 488; baseline -0.004 -13"><span class='ocrx_word' id='word_1_20' title='bbox 260 426 527 475; x_wconf 85' lang='lat' dir='ltr'><strong>orationem</strong></span> <span class='ocrx_word' id='word_1_21' title='bbox 560 423 790 474; x_wconf 85' lang='lat' dir='ltr'><strong>soloecam</strong></span> <span class='ocrx_word' id='word_1_22' title='bbox 822 423 1142 488; x_wconf 81' lang='lat' dir='ltr'><strong>amplecteris.</strong></span> <span class='ocrx_word' id='word_1_23' title='bbox 1216 423 1429 472; x_wconf 82' lang='lat' dir='ltr'><strong>Primam</strong></span> <span class='ocrx_word' id='word_1_24' title='bbox 1463 421 1696 487; x_wconf 76' lang='lat' dir='ltr'><strong>loquendi</strong></span> 
     </span>
     <span class='ocr_line' id='line_1_5' title="bbox 258 495 1694 566; baseline -0.002 -17"><span class='ocrx_word' id='word_1_25' title='bbox 258 502 496 549; x_wconf 86' lang='lat' dir='ltr'><strong>rationem</strong></span> <span class='ocrx_word' id='word_1_26' title='bbox 532 500 756 549; x_wconf 86' lang='lat' dir='ltr'><strong>observat</strong></span> <span class='ocrx_word' id='word_1_27' title='bbox 790 500 864 549; x_wconf 89' lang='lat' dir='ltr'><strong>vir</strong></span> <span class='ocrx_word' id='word_1_28' title='bbox 898 495 1090 566; x_wconf 84' lang='lat' dir='ltr'><strong>doctiss.</strong></span> <span class='ocrx_word' id='word_1_29' title='bbox 1122 499 1221 547; x_wconf 44' lang='lat' dir='ltr'><strong>‘hoc</strong></span> <span class='ocrx_word' id='word_1_30' title='bbox 1245 499 1441 547; x_wconf 89' lang='lat' dir='ltr'><strong>nomine</strong></span> <span class='ocrx_word' id='word_1_31' title='bbox 1471 499 1694 547; x_wconf 84' lang='lat' dir='ltr'>vitiosam</span> 
     </span>
     <span class='ocr_line' id='line_1_6' title="bbox 257 575 1694 641; baseline -0.001 -17"><span class='ocrx_word' id='word_1_32' title='bbox 257 582 362 624; x_wconf 88' lang='lat' dir='ltr'><strong>esse</strong></span> <span class='ocrx_word' id='word_1_33' title='bbox 399 576 541 639; x_wconf 14' lang='lat' dir='ltr'><strong>*quod</strong></span> <span class='ocrx_word' id='word_1_34' title='bbox 595 577 737 625; x_wconf 90' lang='lat' dir='ltr'><strong>modo</strong></span> <span class='ocrx_word' id='word_1_35' title='bbox 784 576 1042 624; x_wconf 81' lang='lat' dir='ltr'><strong>indicativo</strong></span> <span class='ocrx_word' id='word_1_36' title='bbox 1089 575 1332 641; x_wconf 87' lang='lat' dir='ltr'><strong>jungatur</strong></span> <span class='ocrx_word' id='word_1_37' title='bbox 1381 575 1556 623; x_wconf 86' lang='lat' dir='ltr'><strong>vocula</strong></span> <span class='ocrx_word' id='word_1_38' title='bbox 1605 596 1694 623; x_wconf 80' lang='grc' dir='ltr'><strong>κεν.</strong></span> 
     </span>
     <span class='ocr_line' id='line_1_7' title="bbox 258 652 1696 717; baseline -0.001 -16"><span class='ocrx_word' id='word_1_39' title='bbox 258 653 356 702; x_wconf 74' lang='lat' dir='ltr'><strong>sed</strong></span> <span class='ocrx_word' id='word_1_40' title='bbox 400 655 559 710; x_wconf 85' lang='lat' dir='ltr'><strong>minus</strong></span> <span class='ocrx_word' id='word_1_41' title='bbox 603 660 860 704; x_wconf 84' lang='lat' dir='ltr'><strong>accurate:</strong></span> <span class='ocrx_word' id='word_1_42' title='bbox 939 668 1102 717; x_wconf 89' lang='lat' dir='ltr'><strong>neque</strong></span> <span class='ocrx_word' id='word_1_43' title='bbox 1147 653 1298 703; x_wconf 59' lang='lat' dir='ltr'><strong>enim.</strong></span> <span class='ocrx_word' id='word_1_44' title='bbox 1322 653 1491 701; x_wconf 87' lang='lat' dir='ltr'><strong>vitium</strong></span> <span class='ocrx_word' id='word_1_45' title='bbox 1538 652 1589 700; x_wconf 86' lang='lat' dir='ltr'><strong>in</strong></span> <span class='ocrx_word' id='word_1_46' title='bbox 1635 667 1696 700; x_wconf 89' lang='lat' dir='ltr'><strong>eo</strong></span> 
     </span>
     <span class='ocr_line' id='line_1_8' title="bbox 256 726 1692 795; baseline -0.001 -18"><span class='ocrx_word' id='word_1_47' title='bbox 256 735 492 788; x_wconf 86' lang='lat' dir='ltr'><strong>versatur,</strong></span> <span class='ocrx_word' id='word_1_48' title='bbox 535 731 667 795; x_wconf 88' lang='lat' dir='ltr'><strong>quod</strong></span> <span class='ocrx_word' id='word_1_49' title='bbox 700 729 874 779; x_wconf 87' lang='lat' dir='ltr'><strong>vocula</strong></span> <span class='ocrx_word' id='word_1_50' title='bbox 893 728 1005 790; x_wconf 23' lang='lat' dir='ltr'><strong>&#39;ista</strong></span> <span class='ocrx_word' id='word_1_51' title='bbox 1042 744 1153 776; x_wconf 90' lang='lat' dir='ltr'><strong>cum</strong></span> <span class='ocrx_word' id='word_1_52' title='bbox 1193 726 1453 776; x_wconf 86' lang='lat' dir='ltr'><strong>indicativo</strong></span> <span class='ocrx_word' id='word_1_53' title='bbox 1493 727 1692 784; x_wconf 83' lang='lat' dir='ltr'><strong>Mono;</strong></span> 
     </span>
     <span class='ocr_line' id='line_1_9' title="bbox 257 801 1691 870; baseline -0.004 -15"><span class='ocrx_word' id='word_1_54' title='bbox 257 807 343 855; x_wconf 88' lang='lat' dir='ltr'><strong>sed</strong></span> <span class='ocrx_word' id='word_1_55' title='bbox 400 807 530 870; x_wconf 90' lang='lat' dir='ltr'><strong>quod</strong></span> <span class='ocrx_word' id='word_1_56' title='bbox 586 808 696 861; x_wconf 84' lang='lat' dir='ltr'><strong>cum</strong></span> <span class='ocrx_word' id='word_1_57' title='bbox 763 805 977 854; x_wconf 76' lang='lat' dir='ltr'><strong>Fu&#39;ruRo</strong></span> <span class='ocrx_word' id='word_1_58' title='bbox 1042 801 1304 851; x_wconf 84' lang='lat' dir='ltr'><strong>indicativo</strong></span> <span class='ocrx_word' id='word_1_59' title='bbox 1368 803 1691 850; x_wconf 72' lang='lat' dir='ltr'><strong>construatur.</strong></span> 
     </span>
     <span class='ocr_line' id='line_1_10' title="bbox 258 869 1694 947; baseline -0.005 -16"><span class='ocrx_word' id='word_1_60' title='bbox 258 883 450 947; x_wconf 85' lang='lat' dir='ltr'>Quippe</span> <span class='ocrx_word' id='word_1_61' title='bbox 491 882 618 930; x_wconf 91' lang='lat' dir='ltr'><strong>modi</strong></span> <span class='ocrx_word' id='word_1_62' title='bbox 658 880 783 930; x_wconf 85' lang='lat' dir='ltr'><strong>illius</strong></span> <span class='ocrx_word' id='word_1_63' title='bbox 818 888 1037 945; x_wconf 84' lang='lat' dir='ltr'><strong>tempora</strong></span> <span class='ocrx_word' id='word_1_64' title='bbox 1076 869 1328 944; x_wconf 82' lang='lat' dir='ltr'><strong>praeterita</strong></span> <span class='ocrx_word' id='word_1_65' title='bbox 1367 894 1476 926; x_wconf 90' lang='lat' dir='ltr'><strong>cum</strong></span> <span class='ocrx_word' id='word_1_66' title='bbox 1518 877 1694 942; x_wconf 85' lang='lat' dir='ltr'><strong>imper·</strong></span> 
     </span>
     <span class='ocr_line' id='line_1_11' title="bbox 256 954 1694 1022; baseline -0.003 -15"><span class='ocrx_word' id='word_1_67' title='bbox 256 959 440 1008; x_wconf 87' lang='lat' dir='ltr'><strong>fectum</strong></span> <span class='ocrx_word' id='word_1_68' title='bbox 485 965 586 1006; x_wconf 87' lang='lat' dir='ltr'><strong>tum</strong></span> <span class='ocrx_word' id='word_1_69' title='bbox 631 958 919 1022; x_wconf 88' lang='lat' dir='ltr'><strong>perfectum,</strong></span> <span class='ocrx_word' id='word_1_70' title='bbox 976 956 1047 1004; x_wconf 89' lang='lat' dir='ltr'><strong>uti</strong></span> <span class='ocrx_word' id='word_1_71' title='bbox 1102 962 1152 1003; x_wconf 87' lang='lat' dir='ltr'><strong>et</strong></span> <span class='ocrx_word' id='word_1_72' title='bbox 1207 954 1414 1003; x_wconf 86' lang='lat' dir='ltr'><strong>aoristus</strong></span> <span class='ocrx_word' id='word_1_73' title='bbox 1471 960 1694 1019; x_wconf 87' lang='lat' dir='ltr'><strong>uterque,</strong></span> 
     </span>
     <span class='ocr_line' id='line_1_12' title="bbox 247 1031 1691 1089; baseline -0.005 -3"><span class='ocrx_word' id='word_1_74' title='bbox 247 1037 474 1089; x_wconf 70' lang='lat' dir='ltr'><strong>,voculam</strong></span> <span class='ocrx_word' id='word_1_75' title='bbox 530 1036 671 1084; x_wconf 86' lang='lat' dir='ltr'><strong>istam</strong></span> <span class='ocrx_word' id='word_1_76' title='bbox 704 1034 952 1083; x_wconf 71' lang='lat' dir='ltr'><strong>&#39;comitem</strong></span> <span class='ocrx_word' id='word_1_77' title='bbox 1010 1048 1109 1081; x_wconf 91' lang='lat' dir='ltr'><strong>non</strong></span> <span class='ocrx_word' id='word_1_78' title='bbox 1170 1047 1282 1080; x_wconf 85' lang='lat' dir='ltr'><strong>raro</strong></span> <span class='ocrx_word' id='word_1_79' title='bbox 1345 1031 1624 1080; x_wconf 87' lang='lat' dir='ltr'><strong>adsciscunt</strong></span> <span class='ocrx_word' id='word_1_80' title='bbox 1637 1031 1691 1080; x_wconf 77' lang='lat'><strong>⁶⁹.</strong></span> 
     </span>
     <span class='ocr_line' id='line_1_13' title="bbox 259 1105 1696 1179; baseline -0.003 -21"><span class='ocrx_word' id='word_1_81' title='bbox 259 1107 533 1179; x_wconf 82' lang='lat' dir='ltr'><strong>Secundam</strong></span> <span class='ocrx_word' id='word_1_82' title='bbox 579 1109 873 1169; x_wconf 86' lang='lat' dir='ltr'><strong>locutionem</strong></span> <span class='ocrx_word' id='word_1_83' title='bbox 918 1106 1084 1156; x_wconf 86' lang='lat' dir='ltr'><strong>Graeci</strong></span> <span class='ocrx_word' id='word_1_84' title='bbox 1133 1105 1367 1154; x_wconf 86' lang='lat' dir='ltr'><strong>sermonis</strong></span> <span class='ocrx_word' id='word_1_85' title='bbox 1412 1106 1562 1155; x_wconf 91' lang='lat' dir='ltr'><strong>indoli</strong></span> <span class='ocrx_word' id='word_1_86' title='bbox 1613 1106 1696 1155; x_wconf 81' lang='lat' dir='ltr'><strong>ad-</strong></span> 
     </span>
    </p>
   </div>
   <div class='ocr_carea' id='block_1_3' title="bbox 257 1273 956 2785">
    <p class='ocr_par' dir='ltr' id='par_1_3' title="bbox 257 1273 956 2785">
     <span class='ocr_line' id='line_1_14' title="bbox 311 1273 950 1323; baseline -0.005 -10"><span class='ocrx_word' id='word_1_87' title='bbox 311 1273 377 1321; x_wconf 88' lang='lat'><strong>69.</strong></span> <span class='ocrx_word' id='word_1_88' title='bbox 406 1273 598 1313; x_wconf 85' lang='lat' dir='ltr'><strong>“Vocula</strong></span> <span class='ocrx_word' id='word_1_89' title='bbox 627 1273 671 1312; x_wconf 68' lang='grc' dir='ltr'><strong>ἂν</strong></span> <span class='ocrx_word' id='word_1_90' title='bbox 698 1273 866 1323; x_wconf 88' lang='lat' dir='ltr'><strong>praeseuti</strong></span> <span class='ocrx_word' id='word_1_91' title='bbox 893 1273 950 1310; x_wconf 88' lang='lat' dir='ltr'><strong>in-</strong></span> 
     </span>
     <span class='ocr_line' id='line_1_15' title="bbox 257 1337 950 1389; baseline -0.006 -12"><span class='ocrx_word' id='word_1_92' title='bbox 257 1338 419 1377; x_wconf 84' lang='lat' dir='ltr'><strong>dicativo</strong></span> <span class='ocrx_word' id='word_1_93' title='bbox 434 1351 623 1389; x_wconf 87' lang='lat' dir='ltr'><strong>nunquam</strong></span> <span class='ocrx_word' id='word_1_94' title='bbox 635 1337 815 1388; x_wconf 82' lang='lat' dir='ltr'><strong>jungitur.</strong></span> <span class='ocrx_word' id='word_1_95' title='bbox 872 1337 950 1374; x_wconf 88' lang='lat' dir='ltr'><strong>Ex-</strong></span> 
     </span>
     <span class='ocr_line' id='line_1_16' title="bbox 257 1398 950 1451; baseline -0.007 -12"><span class='ocrx_word' id='word_1_96' title='bbox 257 1401 467 1451; x_wconf 86' lang='lat' dir='ltr'><strong>emplorum</strong></span> <span class='ocrx_word' id='word_1_97' title='bbox 511 1413 593 1451; x_wconf 89' lang='lat' dir='ltr'><strong>quae</strong></span> <span class='ocrx_word' id='word_1_98' title='bbox 638 1401 729 1438; x_wconf 85' lang='lat' dir='ltr'><strong>citat</strong></span> <span class='ocrx_word' id='word_1_99' title='bbox 773 1398 950 1448; x_wconf 91' lang='lat' dir='ltr'><strong>Toupius,</strong></span> 
     </span>
     <span class='ocr_line' id='line_1_17' title="bbox 258 1464 950 1515; baseline -0.006 -11"><span class='ocrx_word' id='word_1_100' title='bbox 258 1465 418 1504; x_wconf 80' lang='lat' dir='ltr'><strong>alterurn</strong></span> <span class='ocrx_word' id='word_1_101' title='bbox 450 1465 587 1515; x_wconf 80' lang='lat' dir='ltr'>profert</span> <span class='ocrx_word' id='word_1_102' title='bbox 617 1477 665 1501; x_wconf 86' lang='lat' dir='ltr'><strong>ex</strong></span> <span class='ocrx_word' id='word_1_103' title='bbox 696 1464 950 1501; x_wconf 85' lang='lat' dir='ltr'><strong>emendatione</strong></span> 
     </span>
     <span class='ocr_line' id='line_1_18' title="bbox 259 1526 951 1579; baseline -0.006 -11"><span class='ocrx_word' id='word_1_104' title='bbox 259 1530 401 1568; x_wconf 84' lang='lat' dir='ltr'><strong>scilicet</strong></span> <span class='ocrx_word' id='word_1_105' title='bbox 426 1543 520 1575; x_wconf 84' lang='lat' dir='ltr'><strong>sua;</strong></span> <span class='ocrx_word' id='word_1_106' title='bbox 558 1529 656 1579; x_wconf 94' lang='lat' dir='ltr'><strong>quod</strong></span> <span class='ocrx_word' id='word_1_107' title='bbox 680 1533 738 1566; x_wconf 81' lang='lat' dir='ltr'><strong>est</strong></span> <span class='ocrx_word' id='word_1_108' title='bbox 763 1527 867 1565; x_wconf 84' lang='lat' dir='ltr'><strong>litem</strong></span> <span class='ocrx_word' id='word_1_109' title='bbox 885 1526 951 1565; x_wconf 84' lang='lat' dir='ltr'><strong>lite</strong></span> 
     </span>
     <span class='ocr_line' id='line_1_19' title="bbox 258 1589 950 1639; baseline -0.009 -7"><span class='ocrx_word' id='word_1_110' title='bbox 258 1593 466 1639; x_wconf 87' lang='lat' dir='ltr'><strong>resolvere;</strong></span> <span class='ocrx_word' id='word_1_111' title='bbox 511 1593 550 1630; x_wconf 89' lang='lat' dir='ltr'><strong>in</strong></span> <span class='ocrx_word' id='word_1_112' title='bbox 581 1592 696 1631; x_wconf 82' lang='lat' dir='ltr'><strong>altero</strong></span> <span class='ocrx_word' id='word_1_113' title='bbox 724 1603 797 1629; x_wconf 91' lang='lat' dir='ltr'><strong>non</strong></span> <span class='ocrx_word' id='word_1_114' title='bbox 829 1589 950 1628; x_wconf 90' lang='lat' dir='ltr'><strong>solum</strong></span> 
     </span>
     <span class='ocr_line' id='line_1_20' title="bbox 259 1653 952 1704; baseline -0.006 -8"><span class='ocrx_word' id='word_1_115' title='bbox 259 1657 307 1696; x_wconf 73' lang='grc' dir='ltr'><strong>ἄν</strong></span> <span class='ocrx_word' id='word_1_116' title='bbox 341 1657 517 1696; x_wconf 84' lang='lat' dir='ltr'><strong>vitiosum</strong></span> <span class='ocrx_word' id='word_1_117' title='bbox 552 1662 620 1704; x_wconf 82' lang='lat' dir='ltr'><strong>est,</strong></span> <span class='ocrx_word' id='word_1_118' title='bbox 654 1655 718 1694; x_wconf 87' lang='lat' dir='ltr'><strong>sed</strong></span> <span class='ocrx_word' id='word_1_119' title='bbox 754 1653 852 1692; x_wconf 76' lang='grc' dir='ltr'><strong><em>ὅστε</em></strong></span> <span class='ocrx_word' id='word_1_120' title='bbox 885 1666 952 1703; x_wconf 87' lang='lat' dir='ltr'><strong>pro</strong></span> 
     </span>
     <span class='ocr_line' id='line_1_21' title="bbox 260 1717 953 1771; baseline -0.009 -11"><span class='ocrx_word' id='word_1_121' title='bbox 260 1721 368 1760; x_wconf 70' lang='grc' dir='ltr'>ὅστις</span> <span class='ocrx_word' id='word_1_122' title='bbox 415 1734 460 1760; x_wconf 90' lang='lat' dir='ltr'><strong>ne</strong></span> <span class='ocrx_word' id='word_1_123' title='bbox 502 1719 619 1764; x_wconf 87' lang='lat' dir='ltr'><strong>semel</strong></span> <span class='ocrx_word' id='word_1_124' title='bbox 661 1719 810 1771; x_wconf 88' lang='lat' dir='ltr'><strong>quidem</strong></span> <span class='ocrx_word' id='word_1_125' title='bbox 854 1717 953 1767; x_wconf 83' lang='lat' dir='ltr'><strong>apud</strong></span> 
     </span>
     <span class='ocr_line' id='line_1_22' title="bbox 260 1781 956 1837; baseline -0.009 -13"><span class='ocrx_word' id='word_1_126' title='bbox 260 1785 440 1837; x_wconf 84' lang='lat' dir='ltr'>Tragicos</span> <span class='ocrx_word' id='word_1_127' title='bbox 483 1783 680 1823; x_wconf 85' lang='lat' dir='ltr'><strong>occurrit.”</strong></span> <span class='ocrx_word' id='word_1_128' title='bbox 733 1782 783 1820; x_wconf 87' lang='lat' dir='ltr'><strong>R.</strong></span> <span class='ocrx_word' id='word_1_129' title='bbox 809 1783 856 1820; x_wconf 88' lang='lat' dir='ltr'><strong>P.</strong></span> <span class='ocrx_word' id='word_1_130' title='bbox 905 1781 956 1835; x_wconf 68' lang='lat' dir='ltr'><strong>ad.</strong></span> 
     </span>
     <span class='ocr_line' id='line_1_23' title="bbox 259 1848 570 1899; baseline -0.01 -11"><span class='ocrx_word' id='word_1_131' title='bbox 259 1851 380 1899; x_wconf 85' lang='lat' dir='ltr'><strong>Toup.</strong></span> <span class='ocrx_word' id='word_1_132' title='bbox 412 1862 448 1898; x_wconf 90' lang='lat' dir='ltr'><strong>p.</strong></span> <span class='ocrx_word' id='word_1_133' title='bbox 479 1848 570 1886; x_wconf 78' lang='lat'><strong>462.</strong></span> 
     </span>
     <span class='ocr_line' id='line_1_24' title="bbox 261 1910 951 1960; baseline -0.01 -7"><span class='ocrx_word' id='word_1_134' title='bbox 261 1913 449 1953; x_wconf 87' lang='lat' dir='ltr'><strong>Brunckio</strong></span> <span class='ocrx_word' id='word_1_135' title='bbox 461 1911 648 1960; x_wconf 87' lang='lat' dir='ltr'><strong>Toupium</strong></span> <span class='ocrx_word' id='word_1_136' title='bbox 662 1910 761 1947; x_wconf 87' lang='lat' dir='ltr'><strong>hunc</strong></span> <span class='ocrx_word' id='word_1_137' title='bbox 772 1921 951 1947; x_wconf 85' lang='lat' dir='ltr'><strong>canonem</strong></span> 
     </span>
     <span class='ocr_line' id='line_1_25' title="bbox 260 1972 954 2029; baseline -0.009 -13"><span class='ocrx_word' id='word_1_138' title='bbox 260 1972 473 2029; x_wconf 48' lang='lat' dir='ltr'><strong>probasses</strong></span> <span class='ocrx_word' id='word_1_139' title='bbox 511 1975 640 2012; x_wconf 87' lang='lat' dir='ltr'><strong>Nubes</strong></span> <span class='ocrx_word' id='word_1_140' title='bbox 672 1977 764 2018; x_wconf 86' lang='lat'><strong>395.</strong></span> <span class='ocrx_word' id='word_1_141' title='bbox 809 1972 895 2010; x_wconf 76' lang='grc' dir='ltr'><strong>ἀλλ’</strong></span> <span class='ocrx_word' id='word_1_142' title='bbox 931 1975 954 2011; x_wconf 86' lang='lat' dir='ltr'><strong>o‘</strong></span> 
     </span>
     <span class='ocr_line' id='line_1_26' title="bbox 261 2037 952 2095; baseline -0.009 -15"><span class='ocrx_word' id='word_1_143' title='bbox 261 2039 432 2095; x_wconf 70' lang='grc' dir='ltr'><em>κεραυνὸς·</em></span> <span class='ocrx_word' id='word_1_144' title='bbox 457 2038 570 2077; x_wconf 78' lang='grc' dir='ltr'>πόθεν</span> <span class='ocrx_word' id='word_1_145' title='bbox 593 2037 641 2075; x_wconf 66' lang='grc' dir='ltr'><strong>αὖ</strong></span> <span class='ocrx_word' id='word_1_146' title='bbox 664 2037 849 2090; x_wconf 80' lang='grc' dir='ltr'>φερέται;</span> <span class='ocrx_word' id='word_1_147' title='bbox 888 2050 952 2075; x_wconf 86' lang='lat' dir='ltr'><strong>ex-</strong></span> 
     </span>
     <span class='ocr_line' id='line_1_27' title="bbox 260 2101 952 2150; baseline -0.004 -9"><span class='ocrx_word' id='word_1_148' title='bbox 260 2104 388 2141; x_wconf 79' lang='lat' dir='ltr'><strong>hibent</strong></span> <span class='ocrx_word' id='word_1_149' title='bbox 422 2110 495 2140; x_wconf 84' lang='lat' dir='ltr'><strong>tres</strong></span> <span class='ocrx_word' id='word_1_150' title='bbox 538 2101 724 2150; x_wconf 81' lang='lat' dir='ltr'><strong>primariae</strong></span> <span class='ocrx_word' id='word_1_151' title='bbox 764 2101 952 2146; x_wconf 81' lang='lat' dir='ltr'><strong>editiones,</strong></span> 
     </span>
     <span class='ocr_line' id='line_1_28' title="bbox 261 2165 952 2217; baseline -0.007 -9"><span class='ocrx_word' id='word_1_152' title='bbox 261 2170 342 2209; x_wconf 84' lang='lat' dir='ltr'><strong>cod.</strong></span> <span class='ocrx_word' id='word_1_153' title='bbox 360 2169 456 2206; x_wconf 83' lang='lat' dir='ltr'><strong>Rav.</strong></span> <span class='ocrx_word' id='word_1_154' title='bbox 471 2166 691 2217; x_wconf 80' lang='lat' dir='ltr'><strong>plurimique</strong></span> <span class='ocrx_word' id='word_1_155' title='bbox 707 2165 825 2204; x_wconf 88' lang='lat' dir='ltr'><strong>MSS.</strong></span> <span class='ocrx_word' id='word_1_156' title='bbox 840 2165 888 2203; x_wconf 84' lang='lat' dir='ltr'><strong>R.</strong></span> <span class='ocrx_word' id='word_1_157' title='bbox 906 2167 952 2203; x_wconf 90' lang='lat' dir='ltr'><strong>P.</strong></span> 
     </span>
     <span class='ocr_line' id='line_1_29' title="bbox 261 2230 953 2272; baseline -0.004 0"><span class='ocrx_word' id='word_1_158' title='bbox 261 2235 309 2272; x_wconf 83' lang='lat' dir='ltr'><strong>ad</strong></span> <span class='ocrx_word' id='word_1_159' title='bbox 343 2234 411 2272; x_wconf 92' lang='lat' dir='ltr'><strong>Ph.</strong></span> <span class='ocrx_word' id='word_1_160' title='bbox 432 2238 523 2271; x_wconf 78' lang='lat'><strong>412.</strong></span> <span class='ocrx_word' id='word_1_161' title='bbox 581 2233 625 2270; x_wconf 91' lang='lat' dir='ltr'><strong>In</strong></span> <span class='ocrx_word' id='word_1_162' title='bbox 660 2232 791 2270; x_wconf 87' lang='lat' dir='ltr'><strong>eadem</strong></span> <span class='ocrx_word' id='word_1_163' title='bbox 825 2230 953 2269; x_wconf 86' lang='lat' dir='ltr'><strong>fabula</strong></span> 
     </span>
     <span class='ocr_line' id='line_1_30' title="bbox 266 2295 950 2342; baseline -0.003 -7"><span class='ocrx_word' id='word_1_164' title='bbox 266 2303 380 2342; x_wconf 77' lang='lat'><strong>1470.</strong></span> <span class='ocrx_word' id='word_1_165' title='bbox 436 2296 516 2334; x_wconf 70' lang='grc' dir='ltr'><strong>Οὐκ</strong></span> <span class='ocrx_word' id='word_1_166' title='bbox 551 2295 689 2341; x_wconf 75' lang='grc' dir='ltr'>ἔνεστ’,</span> <span class='ocrx_word' id='word_1_167' title='bbox 734 2295 950 2334; x_wconf 66' lang='grc' dir='ltr'>ἐπεὶ-Οὔκ</span> 
     </span>
     <span class='ocr_line' id='line_1_31' title="bbox 260 2359 950 2407; baseline -0.009 -5"><span class='ocrx_word' id='word_1_168' title='bbox 260 2362 379 2407; x_wconf 77' lang='grc' dir='ltr'>ἔστιν,</span> <span class='ocrx_word' id='word_1_169' title='bbox 422 2361 594 2400; x_wconf 66' lang='grc' dir='ltr'><strong>ἐπεὶ-1η</strong></span> <span class='ocrx_word' id='word_1_170' title='bbox 629 2373 701 2397; x_wconf 90' lang='lat' dir='ltr'><strong>uno</strong></span> <span class='ocrx_word' id='word_1_171' title='bbox 739 2360 844 2407; x_wconf 70' lang='lat' dir='ltr'><strong>MS„</strong></span> <span class='ocrx_word' id='word_1_172' title='bbox 889 2359 950 2398; x_wconf 77' lang='grc' dir='ltr'><strong>οὐκ</strong></span> 
     </span>
     <span class='ocr_line' id='line_1_32' title="bbox 261 2421 952 2471; baseline -0.004 -9"><span class='ocrx_word' id='word_1_173' title='bbox 261 2423 368 2463; x_wconf 74' lang='grc' dir='ltr'>’ἐστιν</span> <span class='ocrx_word' id='word_1_174' title='bbox 402 2421 449 2471; x_wconf 71' lang='grc' dir='ltr'><strong>γ’,</strong></span> <span class='ocrx_word' id='word_1_175' title='bbox 487 2422 661 2460; x_wconf 74' lang='grc' dir='ltr'><strong>ἐπεὶ-1η</strong></span> <span class='ocrx_word' id='word_1_176' title='bbox 694 2423 834 2460; x_wconf 88' lang='lat' dir='ltr'><strong>duobus</strong></span> <span class='ocrx_word' id='word_1_177' title='bbox 870 2422 952 2460; x_wconf 83' lang='lat' dir='ltr'><strong>aliis</strong></span> 
     </span>
     <span class='ocr_line' id='line_1_33' title="bbox 261 2486 952 2538; baseline -0.001 -13"><span class='ocrx_word' id='word_1_178' title='bbox 261 2486 361 2538; x_wconf 82' lang='lat' dir='ltr'><strong>apud</strong></span> <span class='ocrx_word' id='word_1_179' title='bbox 377 2486 617 2537; x_wconf 84' lang='lat' dir='ltr'><strong>Brunckium,</strong></span> <span class='ocrx_word' id='word_1_180' title='bbox 635 2499 718 2536; x_wconf 86' lang='lat' dir='ltr'><strong>quae</strong></span> <span class='ocrx_word' id='word_1_181' title='bbox 735 2499 828 2524; x_wconf 85' lang='lat' dir='ltr'><strong>sana</strong></span> <span class='ocrx_word' id='word_1_182' title='bbox 845 2486 952 2524; x_wconf 79' lang='lat' dir='ltr'><strong>lectio</strong></span> 
     </span>
     <span class='ocr_line' id='line_1_34' title="bbox 262 2547 955 2594; baseline -0.004 -5"><span class='ocrx_word' id='word_1_183' title='bbox 262 2557 332 2589; x_wconf 79' lang='lat' dir='ltr'><strong>est.</strong></span> <span class='ocrx_word' id='word_1_184' title='bbox 389 2551 466 2587; x_wconf 85' lang='lat' dir='ltr'><strong>Av.</strong></span> <span class='ocrx_word' id='word_1_185' title='bbox 490 2547 606 2594; x_wconf 87' lang='grc'><strong>1069.</strong></span> <span class='ocrx_word' id='word_1_186' title='bbox 646 2549 777 2588; x_wconf 85' lang='lat' dir='ltr'><strong>Codex</strong></span> <span class='ocrx_word' id='word_1_187' title='bbox 806 2549 955 2587; x_wconf 85' lang='lat' dir='ltr'><strong>Raven-</strong></span> 
     </span>
     <span class='ocr_line' id='line_1_35' title="bbox 263 2614 954 2667; baseline -0.001 -12"><span class='ocrx_word' id='word_1_188' title='bbox 263 2630 332 2655; x_wconf 80' lang='lat' dir='ltr'><strong>nas</strong></span> <span class='ocrx_word' id='word_1_189' title='bbox 352 2616 501 2666; x_wconf 81' lang='lat' dir='ltr'><strong>praebet,</strong></span> <span class='ocrx_word' id='word_1_190' title='bbox 520 2614 667 2667; x_wconf 77' lang='grc' dir='ltr'>ἕρπετά</span> <span class='ocrx_word' id='word_1_191' title='bbox 683 2629 728 2652; x_wconf 76' lang='grc' dir='ltr'><strong>τε</strong></span> <span class='ocrx_word' id='word_1_192' title='bbox 743 2614 801 2651; x_wconf 67' lang='grc' dir='ltr'><strong>καὶ</strong></span> <span class='ocrx_word' id='word_1_193' title='bbox 821 2614 954 2662; x_wconf 75' lang='grc' dir='ltr'><em>δάκεθ’,</em></span> 
     </span>
     <span class='ocr_line' id='line_1_36' title="bbox 263 2678 954 2735; baseline -0.006 -14"><span class='ocrx_word' id='word_1_194' title='bbox 263 2679 412 2735; x_wconf 75' lang='grc' dir='ltr'>ὅσαπέρ</span> <span class='ocrx_word' id='word_1_195' title='bbox 430 2678 549 2725; x_wconf 77' lang='grc' dir='ltr'>ἐστιν,</span> <span class='ocrx_word' id='word_1_196' title='bbox 578 2679 641 2717; x_wconf 89' lang='lat' dir='ltr'><strong>sed</strong></span> <span class='ocrx_word' id='word_1_197' title='bbox 658 2678 696 2715; x_wconf 89' lang='lat' dir='ltr'><strong>in</strong></span> <span class='ocrx_word' id='word_1_198' title='bbox 715 2678 814 2715; x_wconf 91' lang='lat' dir='ltr'><strong>Add.</strong></span> <span class='ocrx_word' id='word_1_199' title='bbox 832 2684 954 2717; x_wconf 84' lang='lat' dir='ltr'><strong>totum</strong></span> 
     </span>
     <span class='ocr_line' id='line_1_37' title="bbox 265 2741 954 2785; baseline -0.004 0"><span class='ocrx_word' id='word_1_200' title='bbox 265 2746 390 2785; x_wconf 86' lang='lat' dir='ltr'><strong>locum</strong></span> <span class='ocrx_word' id='word_1_201' title='bbox 449 2742 678 2782; x_wconf 83' lang='lat' dir='ltr'><strong>emendatius</strong></span> <span class='ocrx_word' id='word_1_202' title='bbox 735 2741 954 2782; x_wconf 83' lang='lat' dir='ltr'><strong>describam.</strong></span> 
     </span>
    </p>
   </div>
   <div class='ocr_carea' id='block_1_4' title="bbox 626 1843 971 1894">
    <p class='ocr_par' dir='ltr' id='par_1_4' title="bbox 626 1843 971 1894">
     <span class='ocr_line' id='line_1_38' title="bbox 626 1843 971 1894; baseline -0.014 -10"><span class='ocrx_word' id='word_1_203' title='bbox 626 1846 748 1884; x_wconf 88' lang='lat' dir='ltr'><strong>Miror</strong></span> <span class='ocrx_word' id='word_1_204' title='bbox 783 1843 952 1894; x_wconf 89' lang='lat' dir='ltr'><strong>equidem</strong></span> <span class='ocrx_word' id='word_1_205' title='bbox 969 1847 971 1849; x_wconf 83' lang='lat'>&#39;</span> 
     </span>
    </p>
   </div>
   <div class='ocr_carea' id='block_1_5' title="bbox 1004 1256 1705 1705">
    <p class='ocr_par' dir='ltr' id='par_1_5' title="bbox 1004 1256 1705 1705">
     <span class='ocr_line' id='line_1_39' title="bbox 1008 1256 1700 1321; baseline -0.006 -11"><span class='ocrx_word' id='word_1_206' title='bbox 1008 1270 1120 1310; x_wconf 88' lang='lat' dir='ltr'><strong>Hanc</strong></span> <span class='ocrx_word' id='word_1_207' title='bbox 1147 1269 1322 1309; x_wconf 82' lang='lat' dir='ltr'><strong>voculam</strong></span> <span class='ocrx_word' id='word_1_208' title='bbox 1340 1282 1426 1308; x_wconf 91' lang='lat' dir='ltr'><strong>cum</strong></span> <span class='ocrx_word' id='word_1_209' title='bbox 1441 1269 1581 1321; x_wconf 78' lang='lat' dir='ltr'><strong>futuro</strong></span> <span class='ocrx_word' id='word_1_210' title='bbox 1607 1256 1700 1307; x_wconf 71' lang='lat' dir='ltr'><strong>indi-</strong></span> 
     </span>
     <span class='ocr_line' id='line_1_40' title="bbox 1007 1334 1698 1394; baseline -0.003 -21"><span class='ocrx_word' id='word_1_211' title='bbox 1007 1335 1122 1374; x_wconf 82' lang='lat' dir='ltr'><strong>cativi</strong></span> <span class='ocrx_word' id='word_1_212' title='bbox 1145 1334 1328 1394; x_wconf 62' lang='lat' dir='ltr'><strong>construit</strong></span> <span class='ocrx_word' id='word_1_213' title='bbox 1359 1334 1547 1373; x_wconf 82' lang='lat' dir='ltr'><strong>Homerus</strong></span> <span class='ocrx_word' id='word_1_214' title='bbox 1579 1334 1626 1372; x_wconf 91' lang='lat'><strong>11.</strong></span> <span class='ocrx_word' id='word_1_215' title='bbox 1646 1334 1698 1379; x_wconf 79' lang='lat' dir='ltr'><strong>A,</strong></span> 
     </span>
     <span class='ocr_line' id='line_1_41' title="bbox 1011 1397 1705 1454; baseline 0.003 -20"><span class='ocrx_word' id='word_1_216' title='bbox 1011 1401 1101 1441; x_wconf 81' lang='lat'><strong>174.</strong></span> <span class='ocrx_word' id='word_1_217' title='bbox 1135 1397 1235 1454; x_wconf 77' lang='lat' dir='ltr'><strong>Hoip’</strong></span> <span class='ocrx_word' id='word_1_218' title='bbox 1250 1397 1329 1448; x_wconf 80' lang='grc' dir='ltr'>ἔμοι</span> <span class='ocrx_word' id='word_1_219' title='bbox 1347 1415 1391 1447; x_wconf 76' lang='grc' dir='ltr'><strong>γε</strong></span> <span class='ocrx_word' id='word_1_220' title='bbox 1412 1399 1470 1437; x_wconf 66' lang='grc' dir='ltr'><strong>καὶ</strong></span> <span class='ocrx_word' id='word_1_221' title='bbox 1488 1398 1612 1446; x_wconf 71' lang='grc' dir='ltr'>ἄλλοι,</span> <span class='ocrx_word' id='word_1_222' title='bbox 1644 1399 1705 1437; x_wconf 72' lang='grc' dir='ltr'><strong>Οἵ</strong></span> 
     </span>
     <span class='ocr_line' id='line_1_42' title="bbox 1005 1461 1699 1514; baseline 0.006 -16"><span class='ocrx_word' id='word_1_223' title='bbox 1005 1461 1047 1501; x_wconf 83' lang='grc' dir='ltr'><strong>κε’</strong></span> <span class='ocrx_word' id='word_1_224' title='bbox 1060 1477 1135 1510; x_wconf 84' lang='grc' dir='ltr'><strong>μετ</strong></span> <span class='ocrx_word' id='word_1_225' title='bbox 1161 1462 1333 1510; x_wconf 79' lang='grc' dir='ltr'>ιμήσουσι</span> <span class='ocrx_word' id='word_1_226' title='bbox 1360 1468 1398 1502; x_wconf 81' lang='lat' dir='ltr'><strong>et</strong></span> <span class='ocrx_word' id='word_1_227' title='bbox 1415 1463 1699 1514; x_wconf 78' lang='lat' dir='ltr'><strong>Aristophanes,</strong></span> 
     </span>
     <span class='ocr_line' id='line_1_43' title="bbox 1004 1527 1697 1578; baseline 0.004 -16"><span class='ocrx_word' id='word_1_228' title='bbox 1004 1531 1153 1564; x_wconf 88' lang='lat' dir='ltr'><strong>auctore</strong></span> <span class='ocrx_word' id='word_1_229' title='bbox 1189 1527 1400 1573; x_wconf 88' lang='lat' dir='ltr'><strong>Brunckio;</strong></span> <span class='ocrx_word' id='word_1_230' title='bbox 1455 1527 1559 1578; x_wconf 80' lang='lat' dir='ltr'><strong>atqui</strong></span> <span class='ocrx_word' id='word_1_231' title='bbox 1593 1527 1697 1565; x_wconf 91' lang='lat' dir='ltr'><strong>Nub.</strong></span> 
     </span>
     <span class='ocr_line' id='line_1_44' title="bbox 1005 1585 1698 1644; baseline 0.004 -18"><span class='ocrx_word' id='word_1_232' title='bbox 1005 1585 1098 1626; x_wconf 86' lang='lat'><strong>465.</strong></span> <span class='ocrx_word' id='word_1_233' title='bbox 1125 1587 1203 1642; x_wconf 77' lang='grc' dir='ltr'><strong>ἆρά</strong></span> <span class='ocrx_word' id='word_1_234' title='bbox 1229 1605 1274 1638; x_wconf 77' lang='grc' dir='ltr'><strong>γε</strong></span> <span class='ocrx_word' id='word_1_235' title='bbox 1295 1589 1406 1628; x_wconf 61' lang='grc' dir='ltr'>τοῦτ’</span> <span class='ocrx_word' id='word_1_236' title='bbox 1429 1588 1489 1644; x_wconf 74' lang='grc' dir='ltr'><strong>ἄρ’</strong></span> <span class='ocrx_word' id='word_1_237' title='bbox 1514 1589 1589 1639; x_wconf 65' lang='grc' dir='ltr'><strong>ἐγδ</strong></span> <span class='ocrx_word' id='word_1_238' title='bbox 1615 1591 1698 1629; x_wconf 84' lang='lat' dir='ltr'><strong>cod.</strong></span> 
     </span>
     <span class='ocr_line' id='line_1_45' title="bbox 1008 1654 1699 1705; baseline 0.006 -15"><span class='ocrx_word' id='word_1_239' title='bbox 1008 1654 1106 1691; x_wconf 79' lang='lat' dir='ltr'><strong>Rav.</strong></span> <span class='ocrx_word' id='word_1_240' title='bbox 1123 1660 1172 1703; x_wconf 79' lang='lat' dir='ltr'><strong>et,</strong></span> <span class='ocrx_word' id='word_1_241' title='bbox 1190 1654 1280 1694; x_wconf 79' lang='grc' dir='ltr'><strong>ποτ’</strong></span> <span class='ocrx_word' id='word_1_242' title='bbox 1298 1654 1503 1705; x_wconf 77' lang='grc' dir='ltr'>ἐπόψομαι</span> <span class='ocrx_word' id='word_1_243' title='bbox 1515 1669 1565 1697; x_wconf 76' lang='lat' dir='ltr'><strong>ex</strong></span> <span class='ocrx_word' id='word_1_244' title='bbox 1584 1655 1699 1695; x_wconf 77' lang='lat' dir='ltr'><strong>Suida.</strong></span> 
     </span>
    </p>
   </div>
   <div class='ocr_carea' id='block_1_6' title="bbox 987 1716 1698 1772">
    <p class='ocr_par' dir='ltr' id='par_1_6' title="bbox 987 1716 1698 1772">
     <span class='ocr_line' id='line_1_46' title="bbox 987 1716 1698 1772; baseline 0.01 -18"><span class='ocrx_word' id='word_1_245' title='bbox 987 1730 1044 1770; x_wconf 15' lang='grc' dir='ltr'><strong>ἶν’.</strong></span> <span class='ocrx_word' id='word_1_246' title='bbox 1069 1716 1145 1772; x_wconf 82' lang='grc' dir='ltr'><strong>ἆρα</strong></span> <span class='ocrx_word' id='word_1_247' title='bbox 1166 1735 1225 1768; x_wconf 77' lang='grc' dir='ltr'><strong>γε.</strong></span> <span class='ocrx_word' id='word_1_248' title='bbox 1251 1717 1300 1756; x_wconf 86' lang='lat' dir='ltr'><strong>R.</strong></span> <span class='ocrx_word' id='word_1_249' title='bbox 1319 1719 1368 1757; x_wconf 88' lang='grc' dir='ltr'><strong>Ρ.</strong></span> <span class='ocrx_word' id='word_1_250' title='bbox 1395 1720 1606 1765; x_wconf 84' lang='lat' dir='ltr'><strong>Ach..392.</strong></span> <span class='ocrx_word' id='word_1_251' title='bbox 1632 1720 1698 1760; x_wconf 61' lang='lat' dir='ltr'><strong>‘sse</strong></span> 
     </span>
    </p>
   </div>
   <div class='ocr_carea' id='block_1_7' title="bbox 1006 1780 1700 2158">
    <p class='ocr_par' dir='ltr' id='par_1_7' title="bbox 1006 1780 1700 2158">
     <span class='ocr_line' id='line_1_47' title="bbox 1008 1780 1698 1840; baseline 0.009 -21"><span class='ocrx_word' id='word_1_252' title='bbox 1008 1783 1157 1831; x_wconf 75' lang='grc' dir='ltr'><strong><em>σκῆψιν</em></strong></span> <span class='ocrx_word' id='word_1_253' title='bbox 1172 1783 1274 1829; x_wconf 68' lang='grc' dir='ltr'><strong>α’·γαῗν</strong></span> <span class='ocrx_word' id='word_1_254' title='bbox 1290 1780 1402 1820; x_wconf 61' lang='grc' dir='ltr'>οὗτος</span> <span class='ocrx_word' id='word_1_255' title='bbox 1424 1785 1468 1820; x_wconf 81' lang='grc' dir='ltr'><strong>ου’</strong></span> <span class='ocrx_word' id='word_1_256' title='bbox 1491 1784 1698 1840; x_wconf 75' lang='grc' dir='ltr'>προσδέξε-</span> 
     </span>
     <span class='ocr_line' id='line_1_48' title="bbox 1008 1844 1698 1897; baseline 0.009 -14"><span class='ocrx_word' id='word_1_257' title='bbox 1008 1863 1075 1884; x_wconf 77' lang='grc' dir='ltr'><strong>ται</strong></span> <span class='ocrx_word' id='word_1_258' title='bbox 1091 1859 1112 1884; x_wconf 88' lang='lat' dir='ltr'><strong>e</strong></span> <span class='ocrx_word' id='word_1_259' title='bbox 1128 1844 1244 1884; x_wconf 75' lang='lat' dir='ltr'><strong>tribus</strong></span> <span class='ocrx_word' id='word_1_260' title='bbox 1264 1846 1450 1895; x_wconf 85' lang='lat' dir='ltr'><strong>primariis</strong></span> <span class='ocrx_word' id='word_1_261' title='bbox 1467 1848 1698 1897; x_wconf 71' lang='lat' dir='ltr'><strong>editionibus,</strong></span> 
     </span>
     <span class='ocr_line' id='line_1_49' title="bbox 1009 1909 1700 1961; baseline 0 -14"><span class='ocrx_word' id='word_1_262' title='bbox 1009 1910 1122 1947; x_wconf 83' lang='lat' dir='ltr'><strong>Suida</strong></span> <span class='ocrx_word' id='word_1_263' title='bbox 1139 1922 1177 1947; x_wconf 86' lang='lat' dir='ltr'><strong>v.</strong></span> <span class='ocrx_word' id='word_1_264' title='bbox 1195 1911 1375 1961; x_wconf 67' lang='grc' dir='ltr'><strong>Σίσυφος,</strong></span> <span class='ocrx_word' id='word_1_265' title='bbox 1396 1914 1433 1947; x_wconf 85' lang='lat' dir='ltr'><strong>et</strong></span> <span class='ocrx_word' id='word_1_266' title='bbox 1452 1909 1496 1947; x_wconf 89' lang='lat' dir='ltr'><strong>P.</strong></span> <span class='ocrx_word' id='word_1_267' title='bbox 1516 1909 1700 1959; x_wconf 73' lang='lat' dir='ltr'><strong>Leopardi</strong></span> 
     </span>
     <span class='ocr_line' id='line_1_50' title="bbox 1008 1974 1697 2022; baseline 0.001 -8"><span class='ocrx_word' id='word_1_268' title='bbox 1008 1976 1206 2014; x_wconf 76' lang='lat' dir='ltr'><strong>Emendat.</strong></span> <span class='ocrx_word' id='word_1_269' title='bbox 1218 1974 1296 2022; x_wconf 84' lang='lat' dir='ltr'><strong>xiii,</strong></span> <span class='ocrx_word' id='word_1_270' title='bbox 1314 1978 1350 2012; x_wconf 89' lang='lat'><strong>8.</strong></span> <span class='ocrx_word' id='word_1_271' title='bbox 1371 1974 1564 2012; x_wconf 83' lang='lat' dir='ltr'><strong>redonavit</strong></span> <span class='ocrx_word' id='word_1_272' title='bbox 1581 1974 1630 2012; x_wconf 88' lang='lat' dir='ltr'><strong>R.</strong></span> <span class='ocrx_word' id='word_1_273' title='bbox 1646 1974 1697 2015; x_wconf 88' lang='lat' dir='ltr'><strong>P.</strong></span> 
     </span>
     <span class='ocr_line' id='line_1_51' title="bbox 1008 2037 1697 2088; baseline 0 -11"><span class='ocrx_word' id='word_1_274' title='bbox 1008 2040 1123 2088; x_wconf 85' lang='lat' dir='ltr'><strong>Vesp.</strong></span> <span class='ocrx_word' id='word_1_275' title='bbox 1156 2043 1251 2083; x_wconf 76' lang='lat'><strong>942.</strong></span> <span class='ocrx_word' id='word_1_276' title='bbox 1298 2038 1362 2075; x_wconf 82' lang='grc' dir='ltr'><strong>οὗκ</strong></span> <span class='ocrx_word' id='word_1_277' title='bbox 1397 2037 1445 2075; x_wconf 71' lang='grc' dir='ltr'><strong>αὖ</strong></span> <span class='ocrx_word' id='word_1_278' title='bbox 1481 2039 1528 2076; x_wconf 73' lang='grc' dir='ltr'><strong><em>σύ</em></strong></span> <span class='ocrx_word' id='word_1_279' title='bbox 1562 2038 1697 2077; x_wconf 69' lang='grc' dir='ltr'><strong><em>παύσει</em></strong></span> 
     </span>
     <span class='ocr_line' id='line_1_52' title="bbox 1006 2100 1696 2158; baseline -0.003 -16"><span class='ocrx_word' id='word_1_280' title='bbox 1006 2105 1180 2158; x_wconf 66' lang='grc' dir='ltr'><strong>χαλεπὸς·</strong></span> <span class='ocrx_word' id='word_1_281' title='bbox 1209 2101 1258 2140; x_wconf 66' lang='grc' dir='ltr'><strong>ὢν</strong></span> <span class='ocrx_word' id='word_1_282' title='bbox 1288 2102 1346 2139; x_wconf 71' lang='grc' dir='ltr'><strong>καὶ</strong></span> <span class='ocrx_word' id='word_1_283' title='bbox 1376 2100 1567 2149; x_wconf 68' lang='grc' dir='ltr'>δύσκολός,</span> <span class='ocrx_word' id='word_1_284' title='bbox 1601 2102 1696 2140; x_wconf 74' lang='lat' dir='ltr'><strong>Cod-</strong></span> 
     </span>
    </p>
   </div>
   <div class='ocr_carea' id='block_1_8' title="bbox 1008 2167 1770 2218">
    <p class='ocr_par' dir='ltr' id='par_1_8' title="bbox 1008 2167 1770 2218">
     <span class='ocr_line' id='line_1_53' title="bbox 1008 2167 1770 2218; baseline -0.004 -11"><span class='ocrx_word' id='word_1_285' title='bbox 1008 2170 1105 2207; x_wconf 86' lang='lat' dir='ltr'><strong>Rav.</strong></span> <span class='ocrx_word' id='word_1_286' title='bbox 1138 2167 1306 2217; x_wconf 87' lang='lat' dir='ltr'><strong>Optime.</strong></span> <span class='ocrx_word' id='word_1_287' title='bbox 1327 2167 1429 2204; x_wconf 89' lang='lat' dir='ltr'><strong>Nub.</strong></span> <span class='ocrx_word' id='word_1_288' title='bbox 1452 2171 1568 2211; x_wconf 88' lang='lat'><strong>1157.</strong></span> <span class='ocrx_word' id='word_1_289' title='bbox 1595 2167 1698 2207; x_wconf 67' lang='grc' dir='ltr'><strong><em>οὐδὲν</em></strong></span> <span class='ocrx_word' id='word_1_290' title='bbox 1763 2211 1770 2218; x_wconf 43' lang='grc'>,</span> 
     </span>
    </p>
   </div>
   <div class='ocr_carea' id='block_1_9' title="bbox 1005 2230 1699 2664">
    <p class='ocr_par' dir='ltr' id='par_1_9' title="bbox 1005 2230 1699 2664">
     <span class='ocr_line' id='line_1_54' title="bbox 1006 2230 1698 2287; baseline 0.004 -19"><span class='ocrx_word' id='word_1_291' title='bbox 1006 2233 1081 2285; x_wconf 74' lang='grc' dir='ltr'><strong>γιίρ</strong></span> <span class='ocrx_word' id='word_1_292' title='bbox 1113 2230 1159 2268; x_wconf 75' lang='grc' dir='ltr'><strong>ἄν</strong></span> <span class='ocrx_word' id='word_1_293' title='bbox 1193 2247 1241 2279; x_wconf 83' lang='grc' dir='ltr'><strong>με</strong></span> <span class='ocrx_word' id='word_1_294' title='bbox 1275 2231 1446 2284; x_wconf 71' lang='grc' dir='ltr'>φλαῦρον</span> <span class='ocrx_word' id='word_1_295' title='bbox 1476 2230 1698 2287; x_wconf 75' lang='grc' dir='ltr'><strong><em>ἐργάσαισθ’</em></strong></span> 
     </span>
     <span class='ocr_line' id='line_1_55' title="bbox 1005 2295 1698 2345; baseline 0.001 -10"><span class='ocrx_word' id='word_1_296' title='bbox 1005 2295 1079 2335; x_wconf 78' lang='grc' dir='ltr'>ἔτι·</span> <span class='ocrx_word' id='word_1_297' title='bbox 1125 2308 1171 2333; x_wconf 84' lang='lat' dir='ltr'><strong>ex</strong></span> <span class='ocrx_word' id='word_1_298' title='bbox 1209 2295 1299 2335; x_wconf 91' lang='lat' dir='ltr'><strong>MS.</strong></span> <span class='ocrx_word' id='word_1_299' title='bbox 1336 2296 1438 2345; x_wconf 82' lang='lat' dir='ltr'><strong>apud</strong></span> <span class='ocrx_word' id='word_1_300' title='bbox 1469 2295 1698 2336; x_wconf 84' lang='lat' dir='ltr'><strong>Brunckium</strong></span> 
     </span>
     <span class='ocr_line' id='line_1_56' title="bbox 1006 2349 1697 2400; baseline 0.003 -2"><span class='ocrx_word' id='word_1_301' title='bbox 1006 2365 1044 2398; x_wconf 88' lang='lat' dir='ltr'><strong>et</strong></span> <span class='ocrx_word' id='word_1_302' title='bbox 1078 2360 1193 2399; x_wconf 89' lang='lat' dir='ltr'><strong>Suida</strong></span> <span class='ocrx_word' id='word_1_303' title='bbox 1225 2372 1263 2398; x_wconf 73' lang='grc' dir='ltr'><strong>ν.</strong></span> <span class='ocrx_word' id='word_1_304' title='bbox 1295 2349 1344 2398; x_wconf 66' lang='lat'><strong>103</strong></span> <span class='ocrx_word' id='word_1_305' title='bbox 1373 2362 1524 2399; x_wconf 73' lang='grc' dir='ltr'><strong>κλείετε.</strong></span> <span class='ocrx_word' id='word_1_306' title='bbox 1599 2360 1697 2400; x_wconf 84' lang='lat' dir='ltr'><strong>Haec</strong></span> 
     </span>
     <span class='ocr_line' id='line_1_57' title="bbox 1006 2423 1697 2475; baseline 0.003 -14"><span class='ocrx_word' id='word_1_307' title='bbox 1006 2423 1134 2475; x_wconf 87' lang='lat' dir='ltr'><strong>regula</strong></span> <span class='ocrx_word' id='word_1_308' title='bbox 1170 2424 1304 2463; x_wconf 91' lang='lat' dir='ltr'>Wolfio</span> <span class='ocrx_word' id='word_1_309' title='bbox 1341 2425 1390 2463; x_wconf 80' lang='lat' dir='ltr'><strong>ad</strong></span> <span class='ocrx_word' id='word_1_310' title='bbox 1432 2424 1697 2464; x_wconf 79' lang='lat' dir='ltr'><strong>Demosthenis</strong></span> 
     </span>
     <span class='ocr_line' id='line_1_58' title="bbox 1009 2487 1696 2539; baseline 0 -13"><span class='ocrx_word' id='word_1_311' title='bbox 1009 2487 1154 2538; x_wconf 83' lang='lat' dir='ltr'><strong>Leptin.</strong></span> <span class='ocrx_word' id='word_1_312' title='bbox 1169 2501 1206 2539; x_wconf 87' lang='lat' dir='ltr'><strong>p.</strong></span> <span class='ocrx_word' id='word_1_313' title='bbox 1220 2492 1314 2536; x_wconf 82' lang='lat'><strong>343,</strong></span> <span class='ocrx_word' id='word_1_314' title='bbox 1325 2492 1363 2526; x_wconf 81' lang='lat'><strong>4.</strong></span> <span class='ocrx_word' id='word_1_315' title='bbox 1379 2488 1534 2527; x_wconf 84' lang='lat' dir='ltr'><strong>minime</strong></span> <span class='ocrx_word' id='word_1_316' title='bbox 1549 2487 1696 2538; x_wconf 73' lang='lat' dir='ltr'><strong>placet;</strong></span> 
     </span>
     <span class='ocr_line' id='line_1_59' title="bbox 1007 2551 1699 2600; baseline 0.001 -10"><span class='ocrx_word' id='word_1_317' title='bbox 1007 2553 1071 2590; x_wconf 89' lang='lat' dir='ltr'><strong>sed</strong></span> <span class='ocrx_word' id='word_1_318' title='bbox 1098 2552 1198 2590; x_wconf 87' lang='lat' dir='ltr'><strong>aliud</strong></span> <span class='ocrx_word' id='word_1_319' title='bbox 1224 2558 1282 2591; x_wconf 85' lang='lat' dir='ltr'><strong>est</strong></span> <span class='ocrx_word' id='word_1_320' title='bbox 1304 2552 1435 2600; x_wconf 88' lang='lat' dir='ltr'><strong>dicere,</strong></span> <span class='ocrx_word' id='word_1_321' title='bbox 1466 2551 1569 2590; x_wconf 83' lang='lat' dir='ltr'><strong>aliud</strong></span> <span class='ocrx_word' id='word_1_322' title='bbox 1591 2552 1699 2591; x_wconf 79' lang='lat' dir='ltr'><strong>refel-</strong></span> 
     </span>
     <span class='ocr_line' id='line_1_60' title="bbox 1006 2614 1697 2664; baseline 0 -9"><span class='ocrx_word' id='word_1_323' title='bbox 1006 2617 1092 2655; x_wconf 86' lang='lat' dir='ltr'><strong>lere.</strong></span> <span class='ocrx_word' id='word_1_324' title='bbox 1150 2617 1194 2654; x_wconf 87' lang='lat' dir='ltr'><strong>Il.</strong></span> <span class='ocrx_word' id='word_1_325' title='bbox 1224 2617 1269 2663; x_wconf 91' lang='lat' dir='ltr'><strong>E,</strong></span> <span class='ocrx_word' id='word_1_326' title='bbox 1286 2620 1377 2662; x_wconf 81' lang='lat'><strong>394.</strong></span> <span class='ocrx_word' id='word_1_327' title='bbox 1419 2614 1517 2656; x_wconf 71' lang='grc' dir='ltr'>τότ-ἑ</span> <span class='ocrx_word' id='word_1_328' title='bbox 1547 2617 1610 2656; x_wconf 84' lang='grc' dir='ltr'><strong>κέν</strong></span> <span class='ocrx_word' id='word_1_329' title='bbox 1634 2633 1697 2664; x_wconf 75' lang='grc' dir='ltr'><strong>μιν</strong></span> 
     </span>
    </p>
   </div>
   <div class='ocr_carea' id='block_1_10' title="bbox 984 2677 1698 2731">
    <p class='ocr_par' dir='ltr' id='par_1_10' title="bbox 984 2677 1698 2731">
     <span class='ocr_line' id='line_1_61' title="bbox 984 2677 1698 2731; baseline 0.003 -12"><span class='ocrx_word' id='word_1_330' title='bbox 984 2677 1220 2727; x_wconf 60' lang='grc' dir='ltr'><strong>Αοἷνήκεσ-ιόν</strong></span> <span class='ocrx_word' id='word_1_331' title='bbox 1252 2681 1376 2731; x_wconf 82' lang='grc' dir='ltr'>λάβεν</span> <span class='ocrx_word' id='word_1_332' title='bbox 1409 2679 1537 2730; x_wconf 73' lang='grc' dir='ltr'><strong>ἄλγος.</strong></span> <span class='ocrx_word' id='word_1_333' title='bbox 1599 2680 1698 2722; x_wconf 67' lang='grc' dir='ltr'><strong>τότε</strong></span> 
     </span>
    </p>
   </div>
   <div class='ocr_carea' id='block_1_11' title="bbox 1011 2744 1411 2793">
    <p class='ocr_par' dir='ltr' id='par_1_11' title="bbox 1011 2744 1411 2793">
     <span class='ocr_line' id='line_1_62' title="bbox 1011 2744 1411 2793; baseline -0.005 -10"><span class='ocrx_word' id='word_1_334' title='bbox 1011 2747 1072 2783; x_wconf 80' lang='grc' dir='ltr'><strong>καί</strong></span> <span class='ocrx_word' id='word_1_335' title='bbox 1088 2761 1148 2793; x_wconf 80' lang='grc' dir='ltr'><strong>μιν</strong></span> <span class='ocrx_word' id='word_1_336' title='bbox 1165 2750 1238 2784; x_wconf 87' lang='lat' dir='ltr'><strong>tres</strong></span> <span class='ocrx_word' id='word_1_337' title='bbox 1256 2744 1411 2784; x_wconf 77' lang='lat' dir='ltr'><strong>codices.</strong></span> 
     </span>
    </p>
   </div>
  </div>
 </body>
</html>
