1864 3132
985 249 1085 298 146

302 361 352 404 et
392 353 603 404 tenebris
644 354 693 402 in
736 355 943 420 syllabas
984 373 1074 420 pro
1113 355 1316 405 arbitrio
1349 356 1501 413 secari
1525 367 1759 423 possunt,'

302 439 355 480 ut
402 432 573 480 mediae
620 432 716 480 sint
760 433 836 481 vel
881 455 994 499 ρετ-ρ
1039 439 1088 481 et
1130 432 1269 492 nebr,
1316 439 1371 482 ut
1415 434 1465 481 in
1513 436 1743 502 exemplis

299 508 483 567 allatis3
521 509 598 557 vel
620 532 672 575 ρε
696 517 745 558 et
767 527 846 570 ne,
882 517 936 559 ut
959 511 1009 560 in
1033 511 1135 559 istis
1173 511 1254 575 [11.
1284 518 1337 561 Θ.
1364 512 1491 576 323]
1515 532 1526 563 :
1653 504 1656 508 Δ

292 663 296 665 Β
370 603 487 645 Ητοι
510 599 534 645 ὁ
558 620 633 656 μεν
656 584 1007 649 ΦΑΡΕ-ΤΡΗῘΣ
1030 600 1230 664 εξεὶλετο
1252 623 1406 667 πικρον
1428 606 1594 652 οἷο-τον·

296 675 447 740 [Geo.
474 692 547 724 111.
574 674 706 741 401]

327 763 486 813 Nocte
504 772 740 828 premunt
759 765 891 831 quod
900 764 1017 829 jam
1039 765 1268 828 tenelbris
1293 773 1340 814 et
1362 766 1462 814 sole
1485 766 1704 815 cadente.

292 854 523 903 Similiter
568 855 791 921 lacryma
844 871 934 920 pro
977 855 1179 904 arbitrio
1228 856 1523 905 constituere
1566 857 1735 906 licebit

291 933 368 981 vel
392 933 550 997 prima
567 935 808 998 producta
831 933 1095 1000 lawr-yma,
1131 937 1186 980 ut
1213 934 1347 997 apud
1374 932 1546 982 Horat.
1585 932 1736 998 Epist.

293 1025 324 1057 1.
359 1022 425 1062 17.
451 1016 523 1059 60.
1259 1020 1269 1031 ⁸

376 1087 641 1152 Lacr-yma
664 1103 759 1150 per
781 1094 1011 1136 sanctum
1033 1086 1247 1152 juratas
1271 1087 1406 1136 dicat
1435 1085 1605 1137 Osirin
1623 1105 1641 1136 .·

292 1175 369 1224 vel
393 1183 617 1242 correpta
641 1177 906 1242 la-cryma,
933 1177 1003 1224 uti
1027 1176 1156 1241 apud
1180 1176 1316 1242 Virg.
1344 1177 1459 1225 AEn.
1484 1191 1538 1224 11.
1570 1182 1664 1231 196.

315 1243 318 1251 '
365 1249 563 1300 Credita
586 1267 667 1300 res
690 1251 918 1316 captique
942 1251 1067 1299 dolis
1086 1251 1432 1317 la-crymisque
1456 1251 1628 1299 coacti.

292 1340 453 1406 Hujus
487 1348 650 1389 autem
686 1341 816 1390 'vocis
853 1339 1075 1404 exempla
1109 1357 1168 1388 eo
1202 1340 1502 1404 potissimum
1534 1339 1733 1388 consilio

290 1420 484 1477 adduxi,
522 1426 576 1467 ut
608 1420 741 1467 litem
779 1435 922 1483 quam
958 1416 1018 1465 de
1052 1418 1161 1465 loco
1196 1416 1467 1481 virgiliano
1496 1416 1735 1465 moverint

289 1498 594 1563 interpretes,
618 1499 947 1564 legendumne
971 1497 1032 1544 sit
1054 1497 1125 1544 uti
1149 1495 1452 1544 exhibuimus
1477 1494 1734 1562 lacrymis-

292 1591 385 1641 que
429 1575 588 1624 coacti
628 1593 691 1623 an
737 1591 854 1623 vero
908 1573 1107 1632 coactis,
1168 1566 1413 1621 ‘dirimere'
1453 1573 1732 1640 aggrediar.

289 1653 544 1718 Plerisque
583 1653 751 1701 adrisit
789 1652 960 1702 coacti.

296 1727 518 1791 Coactis]
558 1727 629 1777 Ut
663 1728 854 1776 Teren.

1032 1651 1228 1701 Servius
1241 1652 1281 1679 ⁴⁴
1318 1668 1434 1701 vero
1472 1653 1535 1700 ad
1570 1652 1731 1701 locum

926 1726 1090 1787 Quam
1121 1727 1289 1779 oculos
1322 1727 1520 1777 terendo
1554 1728 1732 1777 misere

289 1805 375 1854 vix
398 1805 450 1854 vi
472 1804 768 1869 expresserit
779 1804 832 1851 ⁴⁵.
871 1811 920 1851 et
944 1804 1231 1855 Ascensius:
1282 1804 1520 1870 lacrymis
1548 1804 1732 1854 coactis

343 1966 408 1999 44.
437 1965 460 1984 “
477 1959 599 1997 Servii
631 1958 828 1997 lectionem
860 1961 897 1994 et
931 1956 985 1994 in-

289 2024 589 2076 terpretationem
600 2024 906 2061 TYRWHITTUS
919 2035 985 2071 pu-

290 2096 346 2130 tat
380 2091 600 2129 confirmare
637 2086 864 2133 Juvenalem,
901 2086 981 2124 Sat.

290 2167 397 2194 xm.
418 2154 683 2193 133.—-Nemo
711 2152 870 2189 dolorem
895 2149 983 2188 Fin-

284 2221 347 2272 git
369 2221 408 2258 in
435 2219 501 2257 hoc
524 2232 624 2266 casu,
653 2222 788 2256 vestem
812 2216 981 2254 diducere

271 2295 458 2320 summam
477 2281 693 2328 Contentus,
712 2293 845 2319 vexare
858 2280 981 2318 oculos

285 2346 434 2385 humore
452 2351 592 2384 coacto.
620 2346 645 2383 i.
660 2358 691 2383 e.
716 2345 754 2383 vi
779 2344 982 2394 expresso?

291 2410 342 2450 Et
376 2409 543 2448 Servium
560 2409 677 2449 'recte
712 2415 886 2461 sequutus
924 2413 981 2446 est

290 2473 483 2520 Heinsius,
514 2473 653 2524 Heynii
668 2474 822 2525 judicio,
841 2474 903 2524 qui
920 2485 981 2511 co-

285 2544 390 2578 actas
423 2539 601 2589 lacrymas
632 2539 823 2578 defendere
857 2543 980 2577 censet

284 2602 407 2651 ipsam
440 2614 564 2640 rerum
594 2604 775 2642 rationem
807 2616 851 2641 ac
883 2602 980 2641 vexi-

265 2672 413 2704 .tatem.
458 2666 694 2719 Burgessius.

335 2733 405 2769 45.
435 2731 521 2769 AEn.
550 2741 634 2779 vn,
665 2736 756 2777 509.
786 2732 975 2783 Quadrg'fi-
1027 2747 1142 2785 genas
1154 2748 1169 2777 ;
1197 2745 1262 2773 nec
1281 2731 1404 2770 scinde
1424 2731 1590 2781 capillos.

1040 1955 1395 2002 debat‚--—Scindere
1412 1956 1451 1995 in
1468 1956 1570 1996 luctu
1583 1956 1734 1996 solenne

1038 2024 1116 2064 est;
1163 2019 1327 2058 Lucilius
1364 2020 1463 2069 apud
1493 2020 1671 2067 Nonium
1692 2033 1732 2058 v.

1038 2083 1217 2134 Proeficoe,
1238 2096 1269 2121 1.
1287 2087 1315 2133 §-
1333 2089 1424 2122 340.
1465 2085 1626 2123 mercede
1653 2098 1732 2136 quoe

1038 2147 1236 2187 Conductoe
1251 2150 1355 2199 flent
1383 2150 1501 2188 alieno
1532 2150 1570 2187 in
1588 2149 1732 2201 funere

1036 2213 1202 2263 Progficoe
1221 2213 1396 2261 Multam,
1417 2219 1453 2252 et
1471 2214 1624 2264 capillos
1637 2215 1732 2254 scin-

1034 2278 1139 2325 dunt,
1186 2284 1224 2317 et
1259 2279 1398 2317 laniant
1431 2293 1560 2331 genas.
1634 2280 1730 2321 Hor.

1037 2342 1168 2381 Carm.
1182 2356 1211 2391 1,
1226 2344 1319 2391 xvii,
1332 2349 1396 2389 27.
1426 2344 1481 2382 Et
1499 2345 1646 2383 scindat
1660 2345 1732 2384 koe-

1033 2414 1172 2446 rentem
1201 2422 1372 2448 coronam
1409 2408 1592 2456 Crinibus,
1639 2411 1728 2448 AEn.

1036 2485 1124 2520 xu,
1143 2472 1235 2512 605.
1265 2473 1363 2512 Filia
1389 2473 1512 2524 prima
1528 2475 1730 2524 manufla-

1032 2550 1098 2576 vos
1138 2537 1297 2576 Lavinia
1343 2538 1462 2577 crines
1502 2536 1557 2573 Et
1600 2550 1726 2576 roseas

1032 2603 1174 2642 laniata
1196 2601 1497 2655 genus5—Ovid.
1516 2601 1631 2641 Trist.
1652 2614 1726 2650 111,

1030 2669 1082 2716 iii,
1113 2673 1176 2707 51.
1234 2667 1353 2706 Parce
1397 2671 1517 2703 tamen
1560 2666 1724 2704 lacerare

1645 2731 1722 2777 Qui

281 2791 362 2832 dam
406 2806 576 2843 quercum
619 2796 744 2834 cuneis
789 2803 833 2835 ut
859 2797 974 2849 forte
1027 2805 1154 2837 autem
1191 2797 1385 2836 lectionem
1428 2796 1623 2847 vissgatam
1657 2795 1722 2834 de-

279 2855 418 2896 coactis
437 2855 647 2908 Scindebat,
679 2859 855 2909 Mallem,
884 2860 974 2901 Fin-
1026 2861 1151 2911 sendit,
1200 2874 1261 2903 me
1305 2866 1574 2913 repugnantem
1616 2861 1718 2906 haud
