1864 3132
25 2891 40 2912 Ι

782 295 897 343 Ὶ457

136 397 232 447 loci
254 395 397 464 hujus
420 403 595 446 natura
614 395 782 462 exigit.
854 396 1094 462 Exempla
1113 403 1293 462 autem,
1333 413 1443 464 quae
1470 398 1567 447 huc

137 474 405 536 spectantia
425 473 620 522 abunde
635 472 875 538 congessi,
894 474 1036 521 hodie
1060 489 1158 521 non
1181 481 1294 522 sunt
1310 479 1491 538 praesto
1507 472 1571 521 ad

139 564 349 597 manum.
418 549 586 598 Unum
607 509 762 597 illude
748 564 877 613 sugg·
878 550 968 597 erit
992 551 1223 598 memoria
1246 551 1389 615 Vesp.
1414 562 1515 604 347.

205 639 278 687 Τις
310 658 364 684 αν
394 659 469 685 ουν
499 658 591 692 ειη·
580 675 592 695 ,
640 635 794 701 ζητειθ
821 652 944 694 υμεις·
1002 638 1052 687 ὦς
1095 647 1214 685 HAN
1258 639 1368 686 av¹39
1415 659 1572 701 εὙωὙε

403 725 613 760 ποιοιμην.

138 786 237 835 Ubi
259 787 475 836 voculam
500 812 567 846 αν,
607 804 718 852 quae
751 795 862 853 post
891 789 1081 836 easdem
1105 789 1267 838 literas
1291 797 1569 849 evanuerat,

135 863 483 911 restituendam
500 865 680 922 curavi,
699 879 808 912 cum
828 865 967 912 metri
984 871 1093 912 tum
1118 868 1352 914 sermonis
1369 867 1572 932 ingenio

135 941 385 988 adductus.
457 940 618 1005 Vulgo
657 941 800 988 etiam
840 939 1140 989 desideratur
1173 942 1572 1013 interrog-ationis

136 1022 254 1063 nota
276 1017 424 1064 verbo
446 1039 511 1073 ειη
534 1017 766 1082 subjecta.
817 1015 986 1064 Minus
1009 1023 1157 1065 recte.
1228 1018 1409 1084 Neque
1441 1020 1571 1066 enim

134 1114 202 1143 τις
222 1114 518 1142 cvm-amntem
540 1093 712 1141 referri
734 1099 894 1157 potest
916 1095 978 1141 ad
1000 1094 1205 1159 ζητειτες
1240 1102 1432 1158 oportet
1453 1095 1594 1143 vero(

132 1168 271 1221 ὅστις.
342 1172 527 1220 Locum
558 1180 736 1230 autem,
786 1173 835 1219 in
872 1188 969 1239 quo
1004 1164 1266 1230 versamur,
1313 1174 1381 1220 sic
1426 1173 1570 1221 refin-

132 1248 347 1310 gendum
393 1255 567 1306 statuo,
625 1249 772 1311 idque
827 1246 979 1295 literis
1029 1265 1191 1312 neque
1236 1250 1430 1298 mutatis
1476 1264 1570 1297 nec

64 2682 69 2684 ’
137 2674 253 2715 1009.
276 2675 389 2710 1205.

132 1325 448 1386 transpositis,
471 1326 557 1372 sed
579 1326 768 1373 diverso
791 1331 978 1372 tantum
1000 1326 1143 1373 modo
1166 1326 1429 1389 dispertitis
1448 1344 1471 1382 :-

295 1410 324 1438 ³⁸*
343 1418 558 1456 EYPETO
593 1420 711 1456 nAN
746 1432 798 1458 αν
831 1408 900 1458 δια
934 1433 1016 1461 τας
1049 1413 1390 1475 „mmm—

131 1519 173 1554 τί
190 1518 373 1565 τάγαθόν.
413 1522 451 1556 2.
479 1518 554 1556 ΤΟ
573 1518 691 1557 ΠΑΝ
708 1531 822 1556 omne.

134 1582 244 1620 Plato
272 1583 371 1620 Tim.
402 1596 439 1632 p.
463 1587 554 1627 527.
585 1584 622 1620 D

134 1635 277 1686 {rava-ds·
295 1648 403 1695 σῶμα
423 1647 678 1685 universitatis
690 1660 822 1696 corpus

134 1710 230 1757 Cic„
270 1711 367 1749 conf.
398 1712 568 1749 Macrob.
607 1711 754 1749 Saturn.
791 1722 822 1758 1,

131 1775 226 1813 xvii.
265 1775 411 1826 Cratyl.
430 1789 462 1822 1,
492 1780 584 1814 408.
611 1776 657 1813 C.
695 1773 822 1815 Οἶσθα

133 1840 194 1878 ὅτι
213 1843 238 1878 ὁ
253 1841 367 1889 λόγος·
396 1842 448 1879 ‘rox
475 1841 550 1879 πᾶν
577 1844 745 1888 σημαίνει
763 1840 822 1878 καὶ

713 1583 723 1597 x
804 1582 822 1593 ἢ

627 1612 636 1620 .
671 1600 720 1620 ΤΟ
752 1599 822 1620 ‘rou

132 1910 258 1941 κυκλεῖ
289 1905 347 1942 καὶ
384 1910 499 1943 πολεῖ
530 1905 598 1951 ἀεὶ,
639 1908 699 1943 καί
733 1906 820 1943 ἐστι

132 1967 292 2016 διπλοῦς,
331 1969 471 2016 ἀληθής
500 1986 546 2008 τε
574 1969 632 2008 καὶ
660 1969 818 2019 ψευδής.

134 2033 288 2071 Ocellus
304 2034 490 2081 Lucanus,
519 2036 578 2073 Το“
604 2035 644 2074 δέ
669 2051 712 2083 γε
732 2034 825 2073 ὅλον,

132 2095 192 2132 καὶ
224 2097 274 2133 τᾶ
306 2098 381 2134 πᾶν
415 2097 585 2150 ὀνομάζω
625 2099 694 2136 τᾶν
730 2100 821 2147 σύμ-

133 2175 261 2196 παντα
290 2161 442 2207 κόσμον.
496 2163 666 2213 AEschyl.
697 2164 739 2201 P.
769 2164 819 2201 V.

134 2226 226 2260 215.
245 2226 336 2266 273.
354 2222 446 2261 460.
465 2223 556 2268 627.
586 2226 715 2275 Suppl.
727 2225 819 2268 687.

134 2291 226 2331 778.
255 2288 394 2337 Agam.
410 2286 498 2330 176.
515 2292 607 2325 430.
620 2287 712 2326 683.
728 2293 820 2334 995.

137 2357 252 2395 1170.
299 2351 470 2401 Choeph.
498 2356 589 2396 329.
612 2357 705 2392 432.
729 2352 821 2392 682.

133 2420 226 2460 937.
258 2414 350 2461 968.
397 2416 508 2452 Eum.
542 2420 605 2453 52.
635 2420 698 2454 83.
730 2415 819 2454 163.

133 2485 225 2519 200.
244 2484 335 2524 291.
354 2485 446 2517 400.
467 2478 556 2517 536.
575 2484 665 2524 889.
704 2480 819 2529 Soph.

135 2546 225 2583 OEd.
241 2546 334 2597 Tyr.
357 2550 474 2584 1182.
518 2545 601 2583 Col.
622 2550 712 2590 889.
753 2546 818 2583 Tr.

133 2606 373 2653 369.1149.
415 2608 485 2645 Ph.
514 2612 605 2646 241.
645 2608 706 2647 El.
725 2607 817 2650 680.

435 2672 523 2709 Eur.
545 2671 696 2709 Heracl.
726 2676 816 2716 575.

131 2734 327 2784 Aristoph.
342 2736 440 2774 Ach.
453 2734 545 2774 640.
564 2734 655 2774 660.
675 2735 815 2774 Macho

131 2800 230 2849 apud
275 2800 415 2840 Athen.
462 2812 566 2847 vul,
624 2805 715 2838 341.
771 2802 817 2839 C.

134 2863 285 2903 Sueton.
305 2865 403 2915 Aug.
421 2865 523 2905 xcix.
552 2863 657 2903 Ἐπεὶ
676 2866 726 2903 τὸ
743 2866 820 2904 πᾶν

873 1517 956 1572 ἔχει
984 1519 1115 1565 καλαῖς,
1139 1522 1196 1571 τῷ
1213 1520 1380 1571 παιγνὶῳ.
1408 1519 1569 1558 Ausonii

877 1575 1089 1629 Periander‘,
1110 1583 1273 1629 Μελέτη
1290 1585 1341 1621 w*
1352 1585 1440 1622 πᾶν.
1463 1584 1570 1623 Thu-

875 1648 961 1698 cyd.
982 1659 1014 1693 1,
1047 1647 1137 1686 126.
1177 1645 1464 1702 ἐπιτρέψαντες·
1488 1654 1570 1688 τοῖς

868 1710 977 1754 ,ἐννέα
997 1711 1194 1766 Ἀρχουσι
1210 1714 1281 1758 τήν
1300 1714 1479 1765 φυλακήν,
1508 1713 1570 1751 καὶ

878 1776 931 1812 τά
949 1776 1024 1813 πᾶν
1040 1775 1223 1816 διαθεῖναι.
1253 1776 1425 1826 Xe'noph.
1443 1777 1567 1815 Mem.

878 1850 910 1886 1,
927 1839 979 1886 iv,
1000 1844 1062 1884 17.
1087 1842 1232 1879 οἴεσθαι
1247 1840 1310 1878 οὖν
1325 1842 1409 1894 χρή
1422 1842 1481 1879 καὶ
1495 1839 1567 1888 τήν

875 1906 913 1944 ἐν
931 1904 1046 1942 παντὶ
1064 1904 1247 1958 φρόνησιν
1274 1907 1327 1943 τά
1353 1907 1564 1953 πάντᾳ-

933 1974 1018 2015 139.
1048 1972 1124 2008 πᾶν
1152 1970 1209 2008 ἄν.
1243 1970 1294 2008 R.
1314 1971 1364 2009 Β.
1395 1974 1568 2019 ποιοίμην

875 2034 957 2072 edd.
976 2033 1067 2071 Ald.
1089 2033 1239 2072 Kuster.
1268 2038 1435 2082 ποιοίμεν
1462 2035 1568 2073 Junt.

878 2104 913 2136 1.
931 2100 1075 2143 ποιοίην
1087 2098 1191 2136 Junt.
1205 2101 1243 2136 2.
1271 2097 1380 2136 Conf-
1395 2097 1504 2135 R.P.
1518 2097 1566 2134 ad

875 2163 970 2200 Hee.
983 2167 1073 2207 730.
1090 2163 1159 2200 Or.
1172 2167 1238 2207 92.
1255 2162 1390 2200 Tracta·
1402 2176 1464 2212 pp.
1477 2166 1566 2206 192.

874 2232 967 2272 219.
998 2232 1089 2266 220.
1143 2227 1288 2276 (Elmsl.
1317 2228 1367 2265 ad
1410 2226 1565 2264 Heracl.

877 2294 1009 2340 1017.)
1027 2291 1131 2336 adde,
1146 2291 1339 2340 Aristoph.
1354 2291 1455 2328 Ach.
1471 2295 1565 2335 709.

877 2353 967 2392 Οὐδ’
979 2353 1025 2392 (ἲν
1035 2354 1154 2400 αὐτ-ἡν
1171 2355 1242 2401 τήν
1250 2353 1419 2408 Ἀχαίαν
1430 2355 1563 2410 ρᾳδῖως

873 2416 1055 2470 ἠνέσχετ’
1070 2416 1128 2454 ἄν.
1158 2417 1291 2455 Alexis
1309 2418 1407 2467 apud
1421 2419 1561 2456 Athen.

875 2491 938 2525 lv,
970 2483 1058 2517 134.
1088 2480 1134 2518 Β.
1170 2480 1326 2519 Ἠὃιστ’
1344 2481 1391 2519 ἄν
1417 2481 1562 2527 α’ναπῆ·

871 2543 971 2595 fam,
980 2543 1170 2596 ἐπῖξῦλον
1180 2545 1322 2594 λαβεῖν.
1335 2545 1387 2583 Μ
1385 2545 1559 2591 cinthius,

871 2609 908 2645 ni
925 2609 1039 2646 animi
1055 2609 1177 2647 fallor.
1207 2609 1276 2648 Ἥ.
1305 2610 1342 2648 α’.
1370 2609 1417 2648 ἂν
1442 2609 1559 2647 αὐτόν

870 2671 929 2710 ἐπὶ
948 2675 1016 2710 τοῦ
1033 2674 1071 2725 ξ.
1088 2681 1124 2711 λ.
1143 2675 1331 2713 editiones.

926 2742 1014 2775 140.
1044 2744 1069 2762 ‘⁴
1089 2745 1198 2786 recte,
1222 2747 1332 2791 atque
1348 2740 1402 2777 ita
1422 2738 1556 2777 Suidas

871 2813 909 2838 v.
927 2800 1065 2852 ἀφύα”.
1095 2802 1146 2841 R.
1169 2803 1217 2841 P.
1249 2803 1347 2853 apud
1377 2802 1423 2839 P.
1442 2803 1488 2841 P.
1500 2800 1555 2839 D.

872 2878 982 2915 quem
998 2866 1094 2904 vide.

1606 1411 1706 1463 260
