1864 3132
862 147 956 203 115

186 264 398 312 denotet.
470 264 544 311 Ac
566 263 843 311 doctissimo
866 263 1062 328 quidem
1092 259 1305 318 Rollino,
1343 275 1622 322 quanquam

187 343 238 390 in
275 341 640 406 pronunciando
664 340 967 406 ‘syllabarum
1005 340 1243 389 rationem
1276 337 1457 385 servari
1494 336 1623 384 volu-

147 439 154 445 ·
191 420 298 477 erit,
338 424 565 467 accentus
599 424 779 476 tamen,
820 417 884 465 ob
919 417 1063 464 istum
1099 415 1280 464 scilicet
1314 430 1468 471 usum,
1510 414 1623 460 reti-

190 495 335 542 nendi
362 494 660 543 videbantur.
734 494 800 541 At
822 493 968 550 enim,
993 500 1047 540 ut
1070 493 1175 550 iste,
1201 507 1343 556 quem
1362 496 1623 552 ostentant,

190 587 302 619 usus
324 571 488 636 paucis
512 571 563 619 in
585 570 832 619 vocabulis
866 585 1035 618 revera
1058 569 1310 625 obtineat:
1343 567 1516 614 ideone
1540 565 1624 612 ob-

189 664 325 696 secro
348 648 605 696 dicendum
632 654 705 696 est
733 647 1020 695 immensum
1050 652 1336 693 caeterorum
1371 658 1637 691 numerum·
1690 668 1691 671 =

190 726 473 784 accentibus
496 726 642 775 etiam
667 725 824 774 notari
847 720 1104 789 oportere?
1173 722 1353 769 Verum
1380 720 1628 767 enimvero

192 820 306 852 usus
330 804 410 851 ille
433 804 576 852 toties
599 804 884 851 decantatus
919 818 1103 849 merum
1136 806 1209 847 est
1239 798 1531 845 insomnium
1567 813 1628 845 ex

189 887 330 944 porta
363 881 581 929 eburnea
613 879 884 945 profectum
898 892 935 931 †.
1008 878 1060 925 Si
1092 876 1261 940 utique
1298 875 1629 923 ullusrevera

190 957 440 1015 habeatur,
477 956 553 1005 vel
588 957 822 1005 editorem
856 955 933 1004 vel
963 955 1193 1002 lectorem
1218 958 1403 1016 spectet
1427 966 1628 999 necesse

190 1041 292 1082 est:
349 1033 501 1096 Atqui
536 1033 661 1080 scire
697 1033 855 1091 velim,
894 1048 992 1095 quo
1028 1031 1222 1078 tandem
1256 1028 1412 1076 editor
1434 1027 1629 1075 criterio

191 1110 479 1175 dignoscere
502 1110 656 1174 possit
679 1110 889 1158 scribine
913 1115 1133 1174 oporteat
1158 1109 1386 1168 βασίλεια,
1426 1123 1489 1153 an
1512 1121 1630 1153 vem

187 1187 414 1246 βασιλεία.
500 1185 615 1249 Ipsa
662 1191 920 1233 contextus
964 1183 1153 1232 indoles
1198 1189 1344 1247 atque
1389 1180 1631 1229 orationis

175 1261 330 1325 filum
349 1261 486 1320 vocis
503 1263 748 1311 notionem
765 1262 1004 1312 indicabit
1018 1283 1040 1319 ‚·
1077 1262 1181 1310 lzaec
1205 1267 1371 1309 autem
1395 1267 1631 1309 accentus

193 1339 354 1387 sedem
385 1340 742 1390 determinabit.
813 1342 1030 1394 Rursus:
1077 1340 1337 1388 Undenam
1365 1339 1535 1387 lectori
1557 1340 1630 1388 in-

196 1426 447 1466 notescere
476 1420 654 1482 poterit
685 1427 884 1467 rectene
918 1419 1157 1467 scribatur
1189 1420 1421 1478 βασίλεια,
1457 1434 1521 1465 an
1543 1433 1632 1480 per

195 1494 392 1542 editoris
436 1495 513 1557 vel
551 1495 960 1559 imperitiam-vel
1003 1495 1237 1546 incuriam
1254 1514 1269 1553 ;
1327 1511 1384 1543 ac
1427 1495 1632 1558 proinde

194 1571 425 1631 βασιλεία,
462 1577 512 1618 et
536 1571 641 1619 vice
663 1587 816 1630 versa,
841 1568 1099 1635 oporteat?
1168 1569 1253 1619 Ex
1276 1570 1516 1620 orationis
1534 1571 1632 1635 filo

186 1648 377 1713 patebit
397 1666 517 1698 vera
540 1649 682 1699 verbi
701 1650 834 1699 notio
853 1670 874 1706 ;
912 1656 1059 1714 atque
1080 1647 1196 1696 hinc
1223 1648 1635 1698 determinabitur

195 1730 431 1774 accentus
453 1727 605 1775 sedes.
678 1724 957 1774 Suavissimi
982 1733 1287 1791 argutatores
1308 1724 1318 1772 !
1373 1726 1522 1774 Verbi
1546 1742 1635 1774 no-

195 1803 376 1851 tionem
401 1810 632 1852 accentus
656 1803 810 1860 sedeS,
850 1811 1081 1851 accentus
1113 1811 1275 1852 autem
1311 1805 1473 1853 sedem
1496 1805 1633 1853 verbi
1701 1824 1704 1828 ‘

198 1879 333 1927 notio
370 1879 620 1927 *vicissim
657 1877 976 1927 determinat!
1006 1910 1013 1917 -
1047 1878 1119 1928 Νἱ
1150 1880 1241 1928 hoc
1273 1880 1334 1928 sit
1361 1881 1632 1942 incirculo,

199 1959 328 2023 quod
350 1958 502 2016 aiunt,
527 1958 792 2022 disputare,
817 1957 934 2020 quid
957 1958 1152 2006 tandem
1175 1974 1281 2006 esse
1304 1957 1522 2023 poterit?

265 2044 545 2110 Διὸριστικου
580 2059 724 2110 quam
761 2050 962 2109 crepant
992 2051 1283 2093 accentuum
1312 2046 1500 2095 virtutis
1530 2048 1633 2113 qui·

195 2203 303 2241 trinae
321 2215 464 2252 expers,
491 2202 633 2241 codices
659 2202 775 2245 MSS.
803 2215 890 2241 con·
935 2215 1017 2244 ,non
1051 2209 1254 2251 contentus,
1306 2205 1522 2257 ignorantiae
1558 2217 1634 2243 suae

193 2266 332 2305 ferendi
375 2265 542 2304 laborem
587 2265 799 2315 susceperit,
857 2266 889 2304 is
943 2274 1173 2306 contemtum
1189 2270 1373 2318 praetexit,
1391 2270 1543 2320 majoris
1561 2269 1639 2306 cul-

198 2341 377 2379 magnam
395 2334 539 2377 partem
555 2329 739 2366 fructuum
750 2342 890 2376 eorum,
943 2345 1001 2382 pae
1015 2331 1133 2369 affinis
1147 2338 1214 2370 est.
1241 2332 1268 2369 Ἰ
1275 2331 1475 2380 Ιγιιίνισταί
1485 2349 1529 2380 ’γε
1544 2332 1637 2386 πρὸς·

196 2393 323 2444 quiex
341 2393 466 2430 labore
492 2405 559 2431 suo
584 2394 621 2430 in
648 2393 780 2443 Remp.
810 2394 892 2436 lite·
945 2396 1035 2434 τούς·
1058 2395 1243 2444 ἀμούσους
1270 2397 1362 2450 ιὶπέρ
1386 2397 1567 2444 ΒῙουσῶν,
1602 2397 1639 2434 οἳ

196 2460 334 2499 rariam
366 2458 567 2496 redunda're
594 2464 631 2496 et
658 2464 826 2508 poterant
855 2465 892 2499 et
945 2459 1004 2498 nai
1023 2459 1210 2505 κακοήθως
1228 2459 1546 2515 ἀποδιδράσκουσι
1569 2460 1638 2498 τᾶν

196 2525 388 2570 debebant,
401 2522 664 2572 disperdiderit.
707 2522 784 2568 Qui
793 2524 890 2562 hanc
943 2524 1110 2578 ἔλεγχον
1136 2525 1207 2570 τῆς·
1234 2523 1405 2572 ἀμαθίας,
1438 2526 1494 2577 τῷ
1521 2541 1638 2562 κατα·

197 2588 404 2626 doctn‘nam
438 2586 566 2634 nescit,
602 2586 691 2624 dum
724 2587 893 2637 ignoran·
945 2588 1093 2641 φεύγειν
1109 2588 1170 2627 ἐπὶ
1184 2589 1256 2635 τήν
1268 2589 1453 2643 λοιδορίαν
1471 2587 1518 2627 ὦν
1531 2592 1639 2637 η”γνο-

199 2652 291 2689 tiam
309 2665 416 2690 suam
435 2651 587 2690 candide
606 2650 751 2697 fatetur,
782 2651 893 2690 insci·
946 2653 1086 2699 η’κασιν.
1116 2653 1290 2704 Synesius
1308 2654 1421 2693 Dion.
1438 2667 1474 2703 p.
1492 2658 1554 2693 54.
1573 2654 1639 2692 B.”

200 2716 262 2753 tire
281 2722 426 2754 tantum
441 2729 545 2759 reus3
576 2715 738 2765 quivero
753 2715 891 2754 nescire
1000 2719 1021 2758 †
1050 2716 1155 2766 Virg.
1180 2719 1262 2756 Ἔτι.
1284 2729 1347 2762 vr,
1367 2722 1456 2762 898.

1271 2792 1298 2817 n
