1864 3132
161 481 225 519 22

263 318 733 387 ltaffirefingendum
787 321 922 368 ⁴hune
977 320 1136 375 locum
1193 336 1458 371 censemus
1531 322 1693 390 Vulgo

263 395 573 447 desideratur
594 400 645 445 in
682 397 859 462 primo
871 411 1037 447 versu·
1048 399 1253 447 alterum
1298 407 1405 448 est.
1453 401 1512 448 In
1548 402 1695 449 tertio

264 481 293 510 ³¹*
308 492 428 526 sums
462 475 716 528 maluimus
740 490 884 538 quam
909 473 1082 534 suam,
1103 476 1212 524 loco
1235 476 1475 525 simillimo
1498 477 1693 557 adducti
1713 515 1719 520 .

261 569 372 618 pag.
399 559 468 600 86.
506 552 546 598 l
568 564 644 605 19.

551 640 637 706 quz’
658 641 852 689 brevem
878 647 928 688 et
948 640 1147 706 longam
1171 650 1280 690 'suas

325 716 560 781 Jungens
574 716 750 781 priori*
783 738 800 765 .·

260 805 546 857 'Inmultimo
591 807 771 873 legitur
815 807 1076 872 sequentis,
1137 822 1251 872 qua,
1310 812 1359 854 et
1413 804 1697 855 iambicum.
1735 794 1739 798 ‘

259 881 582 932 Ionicumstex
619 884 766 932 variis·
796 884 1086 932 lectionibus
1117 883 1450 932 restituimus.⁴
1501 882 1598 930 Sed
1631 898 1696 930 ne

258 961 352 1009 hoc
374 961 568 1024 quidem
592 962 654 1008 ad
686 962 938 1025 pristinam
970 962 1131 1009 sedem
1157 968 1382 1010 revocato
1407 961 1505 1009 ulla
1526 959 1696 1009 haberi

257 1039 416 1102 potuit
460 1039 716 1097 sententia,
774 1039 824 1086 ni
869 1038 1116 1104 sequentis
1159 1038 1324 1086 itidem
1369 1038 1427 1101 in
1467 1042 1697 1102 sequente

159 2629 220 2670 23

259 1123 444 1164 mutata
481 1122 619 1163 esset.
698 1115 828 1175 Quia
869 1123 1031 1163 autem
1072 1115 1368 1163 commodius
1404 1130 1509 1163 esse
1548 1128 1694 1196 quarn

258 1192 509 1270 vulgatum
534 1209 632 1260 qua
658 1210 803 1242 nemo
826 1194 998 1269 opinor
1020 1192 1204 1269 inficias
1228 1193 1329 1241 ibit.

259 1291 381 1357 Pag.
409 1303 478 1345 39.
515 1292 545 1341 l.
578 1304 642 1343 13.

333 1377 580 1444 Utrasque
603 1379 801 1445 quando
826 1379 1039 1438 solveris,
1076 1379 1146 1428 nil
1165 1379 1401 1428 laeditur:

300 1454 517 1521 Quod
493 1460 599 1521 ag‘is
622 1473 712 1523 age
736 1456 908 1504 beatus
931 1456 1015 1503 ille
1039 1455 1124 1502 bui
1121 1456 1318 1519 procul
1334 1454 1592 1523 negotizs:

324 1530 537 1580 Auctore
562 1539 697 1580 tanto
722 1517 868 1598 credo
888 1523 965 1598 me
989 1539 1151 1580 tutum
1158 1533 1314 1599 sore
1356 1578 1358 1581 .

325 1596 396 1656 Et
410 1625 504 1678 pro
528 1608 689 1657 iambo
713 1626 852 1657 nemo
863 1595 1039 1672 culpet
1062 1606 1396 1684 tribrachym]

258 1697 438 1746 Velsus
478 1699 672 1746 ultimus
710 1699 805 1746 suis
829 1715 949 1769 non
977 1704 1171 1752 const-at
1202 1699 1430 1762 numeris.
1502 1699 1696 1767 Deinde

258 1776 375 1839 quid
399 1775 489 1822 sibi
518 1775 620 1823 vult
656 1776 858 1842 obsecro
885 1791 979 1837 pro
1015 1772 1176 1821 iambo
1212 1764 1534 1838 tribrachyn.
1527 1773 1548 1807 7
1615 1774 1696 1823 De

255 1868 399 1900 versu
422 1852 500 1899 hic
525 1852 771 1899 trochaico
795 1838 900 1916 agit
922 1847 1272 1898 Terentianus.
1333 1839 1391 1898 Ϊιι
1415 1851 1508 1898 hoc
1531 1854 1694 1908 autem

257 1929 440 1976 nullum
486 1945 589 1975 esse
634 1927 796 1976 iambo
841 1927 1000 1975 locum
1048 1943 1148 1975 non
1194 1934 1268 1975 est
1313 1934 1368 1974 ut
1414 1943 1693 1992 quenquam

256 2006 486 2052 edoceam
528 2004 617 2051 nisi
656 2004 742 2068 qui
779 2004 853 2050 his
891 2004 941 2050 in
982 2003 1149 2051 studiis
1189 2003 1333 2067 plane
1379 2004 1440 2051 sit
1483 2005 1692 2068 hospes;

255 2098 424 2146 neque*
455 2083 580 2129 adeo
616 2088 671 2129 ut
704 2080 924 2145 pluribus
963 2086 1198 2144 praestare
1238 2086 1454 2147 satagam
1477 2076 1694 2129 *rescribi

257 2158 614 2227 hic‘oportere,
651 2175 654 2177 ·
1645 2177 1647 2181 ·

323 2239 396 2295 Et
410 2264 503 2311 pro
526 2248 743 2296 trochaeo
765 2244 906 2295 nemo
930 2245 1091 2311 culpet
1120 2244 1423 2312 tribrachyn.

259 2350 379 2415 Pag
406 2357 475 2403 96
512 2351 542 2398 l.
568 2363 610 2404 9

331 2437 428 2487 Cui
448 2455 624 2487 nomen
649 2455 839 2506 quoque
862 2437 1099 2486 Phaloeco
1124 2436 1439 2501 dederunt]³³

257 2537 462 2587 Dedisse
499 2537 691 2603 quidem
732 2537 871 2584 video
910 2534 1131 2594 librarios
1164 2541 1313 2598 atque
1349 2526 1556 2600 editores
1590 2539 1688 2582 tam

260 2613 385 2660 *hic
433 2610 576 2675 quam
624 2610 740 2659 alias
786 2627 885 2658 ιιοιι
931 2610 1111 2668 semel;
1166 2612 1251 2658 sed
1284 2611 1506 2677 imperite
1539 2598 1689 2675 atque
1750 2619 1752 2621 ’

257 2675 464 2740 absurde
488 2676 687 2764 ubique.
744 2686 942 2751 Nempe
967 2703 1080 2766 pag.
1107 2699 1177 2741 97.
1214 2687 1244 2736 l.
1275 2700 1340 2737 18.
1377 2686 1556 2774 legitur
1591 2752 1595 2760 ¹

311 2826 375 2862 33.
404 2819 555 2860 Phalico
572 2817 945 2859 Ald.Manut.1nst.
975 2819 1189 2859 Grammat
1211 2832 1248 2870 p.
1266 2817 1356 2860 336.
1378 2818 1536 2869 phuam
1549 2817 1603 2858 R.
1615 2818 1662 2857 B.
