1864 3132
824 266 923 317 101
988 305 990 308 ψ

164 376 457 444 Hesychium
478 375 706 442 leguntur
740 373 1020 434 'Effuffauevosn
1053 370 1340 431 ενδυσπαμενοςκ
1384 370 1578 419 ‘Eo-‹ratr-

165 459 251 505 θαι.
271 454 623 521 ’περιβαλεσθαω
656 453 828 502 ‘cha-v.
861 449 1066 502 ενεδυσεν.
1098 453 1252 501 Ἐσσο.
1274 447 1457 518 ενεὸυσοῖ
1478 449 1575 515 leg.

165 546 274 580 cum
297 531 369 580 Cl.
397 530 618 579 Bentleio
638 530 701 577 ad
722 528 907 577 Gallim.
945 527 1017 593 [h
1041 528 1092 576 in
1116 529 1227 577 Cer.
1250 527 1349 591 48.]
1371 524 1549 576 ενὲδυσω
1563 546 1586 577 ;Δ

166 604 249 672 qui
270 608 414 656 etiam
437 609 622 657 monuit
643 604 913 667 ενεὸυσαντο,
947 607 1018 656 uti
1052 604 1103 655 et
1133 607 1336 655 alterum
1363 607 1594 666 eanteavj

163 685 294 748 apud
326 682 622 752 Hesychium
654 685 1135 750 interpretamentum
1177 698 1281 732 esse
1313 684 1449 733 verbi
1483 699 1581 732 non

156 762 260 829 jam
291 766 520 814 Oeen-atrro
566 764 650 812 sed
690 764 899 814 ἕσσαντο.
970 764 1060 812 Est
1095 769 1256 811 autem
1294 762 1486 812 ἕσσαντο
1529 763 1581 810 in

164 857 387 890 sermone
441 842 702 892 Homerico
755 842 946 891 ἕσσαντο
999 842 1125 890 idem
1183 841 1313 905 quod
1367 842 1585 890 εέσσαντο

164 918 362 982 dempto
405 920 638 968 duntaxat
673 926 948 986 augmento.
1018 918 1261 967 Caeterum
1298 918 1390 966 ista
1425 919 1579 979 ἐννυμι,

166 995 375 1056 εέσσατο,
408 998 600 1047 ἕσσαντο
629 997 932 1046 enuncianda
965 1002 1077 1045 sunt
1110 1018 1301 1054 wevvvm‚
1337 1017 1583 1054 εννεσσατο,

165 1093 411 1123 wewam-o.
482 1074 634 1124 Nunc
678 1075 847 1124 *vides
892 1091 990 1139 quo
1022 1076 1217 1123 tandem
1255 1074 1439 1122 recidat
1474 1090 1582 1139 por·
1620 1074 1679 1124 61

166 1156 353 1199 tentum
376 1152 502 1200 istud
523 1152 572 1200 in
595 1152 796 1201 Homeri
819 1152 951 1200 editt.
971 1151 1363 1215 conspiciendum
1381 1150 1584 1200 εὲσσατο.

168 1225 327 1275 Locus
365 1227 574 1292 denique
610 1243 753 1292 quem
787 1227 855 1276 sic
885 1242 993 1276 cum
1017 1227 1149 1276 editt.
1172 1233 1490 1292 repraesentat
1511 1227 1583 1276 Cl.

169 1302 417 1365 Bentleius
458 1303 537 1373 [11.
564 1310 620 1365 Ξ,
655 1305 798 1369 383.],
879 1297 905 1300 ”’

498 1407 653 1470 Amr-ap
686 1427 781 1454 επει
815 1410 842 1470 ῤ
874 1399 1068 1453 ἕσσαντο

172 1512 512 1577 concipiendus
546 1521 619 1562 est
650 1515 742 1574 vel,
789 1517 943 1581 Αυτάρ
975 1532 1076 1564 ἐπει
1104 1514 1143 1579 -ῥ
1181 1537 1405 1566 εννεσαντο
1425 1545 1492 1558 ε·-
1512 1516 1590 1567 vel

170 1592 415 1642 eliminata
434 1594 606 1642 vocula
626 1598 696 1661 ῥα,
731 1598 885 1659 Αυταρ
910 1616 1003 1642 evi-et
1025 1615 1261 1645 weo'eav‘ro
1282 1622 1416 1636 ——-

170 1700 337 1752 Isthm.
364 1721 418 1752 ΙΙ.
445 1715 514 1753 32.
558 1709 659 1753 Ταν
684 1709 932 1770 Νικομαχος·
949 1727 1066 1753 κατα
1087 1727 1235 1771 καιρον

638 1787 683 1830 Ν
684 1782 798 1839 mue
801 1782 1000 1833 Ῑπασαις
1019 1805 1150 1835 ανιαις
1154 1780 1192 1850 .]

172 1895 369 1954 “Νωμᾳ
404 1892 535 1941 editt.
574 1893 807 1957 quaedam.
869 1898 1006 1952 Νωμα
1035 1894 1109 1943 ed.
1147 1893 1316 1959 Steph.
1352 1894 1590 1960 Regebat.

173 1970 337 2019 “Nos
361 1987 468 2019 cum
493 1970 737 2019 Schmidio
758 1969 963 2036 legimus
989 1976 1122 2026 Νωμε
1144 1988 1234 2036 pro
1262 1995 1416 2029 νενωμε
1444 1972 1590 2022 Praet.

174 2123 206 2141 ‘¹
228 2119 454 2182 [seorsim
472 2120 595 2187 ΟΧ]
617 2129 662 2170 et
685 2123 909 2172 distincte
926 2124 1177 2188 applicuit,
1202 2131 1248 2173 et
1264 2125 1455 2191 quidem
1477 2132 1593 2174 tem-

177 2201 209 2220 “
223 2197 425 2259 pes-tine,
470 2215 603 2248 nunc
648 2199 742 2250 has
783 2219 916 2251 nunc
959 2202 1076 2251 illas
1118 2203 1375 2251 tractando
1390 2208 1418 2224 '’
1459 2204 1591 2252 editt.

176 2274 368 2323 Oxonn.
406 2277 470 2324 At
486 2278 613 2326 enim
632 2279 757 2327 istud
774 2282 903 2344 quod
920 2287 1216 2341 commentus
1234 2286 1307 2327 est
1323 2279 1595 2327 Schmidius

174 2372 362 2426 nemone„
385 2354 560 2401 nedum
600 2377 721 2414 νωμε,
761 2373 921 2422 neque
959 2374 1162 2421 usquam
1202 2363 1334 2406 extat
1367 2373 1459 2405 nec
1497 2358 1595 2406 ulla

175 2427 399 2493 analogia
422 2428 616 2478 formari
639 2437 810 2495 potest.
844 2494 845 2497 Ἴ
879 2433 988 2481 Hoc
1021 2434 1244 2497 primum.
1315 2432 1507 2482 Deinde
1541 2440 1596 2482 ut
1667 2467 1670 2470 -

176 2519 331 2562 νενωμε
371 2506 516 2555 fuerit
555 2514 692 2571 praet.
733 2511 862 2574 quod
898 2518 1075 2559 vocant
1108 2510 1333 2575 medium,
1367 2519 1418 2559 at
1451 2528 1594 2561 sensu

177 2586 337 2637 tamen
360 2584 517 2632 activo
541 2601 796 2649 perperam
819 2588 1084 2636 adhibetur.
1143 2588 1346 2646 Tertio,
1375 2595 1429 2637 ut
1451 2605 1595 2637 sensu

119 2663 124 2670 ’
177 2658 334 2707 activo
376 2661 590 2727 legitime
632 2662 846 2712 adhiberi
888 2665 1052 2729 possit,
1098 2681 1161 2713 ne
1204 2666 1361 2730 ipsum
1400 2667 1593 2730 quidem

178 2742 375 2804 tempus·
403 2746 534 2788 recte
575 2756 624 2788 se
664 2740 821 2789 habet.
891 2742 1108 2806 Tempus
1125 2742 1315 2808 gutique
1360 2759 1458 2791 non
1487 2744 1592 2810 jam

235 2872 298 2908 51.
327 2872 426 2920 νωμᾶ
450 2871 586 2915 πάσαις·
616 2873 718 2912 Med.
747 2873 796 2911 A.
816 2873 860 2912 B.
890 2873 977 2912 Ald.
998 2875 1110 2913 Rom.
1139 2876 1238 2923 νῶμα
1257 2874 1392 2914 πάσαις
1418 2875 1503 2913 Par.
1522 2873 1569 2912 C.
