1864 3132
940 231 1041 280 512

268 337 524 386 scribentis
559 337 757 387 auribus
796 345 1067 403 acceptam,
1107 354 1216 388 cum
1253 356 1347 388 vox
1386 339 1604 406 subjecta
1639 343 1703 391 ab

267 419 435 466 eadem
459 418 672 482 incipiat,
709 435 807 466 non
837 418 1077 467 immerito
1099 419 1356 467 rettuleris,

267 516 327 564 V.
358 527 481 566 1341.
538 521 645 564 Αλλ,
679 539 881 581 αραμενοι
916 522 1118 582 φερωμεν

540 599 598 642 Oc
621 604 1026 659 προστετὰγμενοι,
1062 594 1130 657 [δι
1154 602 1364 659 χορεὺται
1386 596 1706 657 αναλαβοντες,

541 673 630 718 Τον
664 675 849 738 νυμφιον
882 666 1075 733 ωνδρες]

127 771 230 830 ‚291
272 766 417 817 *Ista
436 767 476 815 ὁι
500 790 714 833 χορευται
743 767 1061 827 αναλαβοντες,
1096 774 1267 831 utpote
1302 769 1522 833 primitus
1555 771 1707 820 intel·-

270 835 627 912 pretilmentum
651 867 741 913 *reon
762 867 963 910 ᾳραμενοι
984 845 1025 892 <it
1046 868 1424 910 προτεταγμενοι,
1445 849 1507 895 ad
1525 847 1708 895 Scholia

270 917 501 986 deinceps
524 921 802 988 releganda,
832 921 923 979 vel,
954 921 993 968 si
1016 922 1085 970 ita
1105 923 1193 981 vis,
1224 923 1430 972 delenda
1453 924 1708 973 censeo.2¹52

272 998 707 1062 Hpov-e‘rayuevocffl
736 1003 898 1045 autem
935 997 1162 1061 postulat,
1199 999 1258 1046 de
1291 1015 1387 1064 qua
1410 999 1617 1047 editores
1642 999 1711 1049 nil

273 1075 538 1138 quidquam
575 1075 802 1139 suspicati
837 1082 977 1132 sunt.
1007 1075 1147 1122 metri
1175 1076 1312 1123 ratio.
1385 1076 1516 1124 Ecce
1539 1076 1709 1141 utique

271 1152 517 1217 integrum
540 1159 687 1216 prout
709 1152 885 1218 refingi
917 1158 1108 1216 oportet
1141 1152 1429 1219 systema,²¹⁴
1465 1152 1553 1200 nisi
1579 1153 1709 1218 quod

271 1245 440 1277 versus
461 1230 647 1295 aliquot
665 1230 1027 1280 interciderint:

275 1327 448 1396 [1329]

654 1337 775 1397 Δευρ
810 1354 843 1379 ω
876 1353 1007 1394 ’γυναι
1041 1354 1098 1383 εις
1132 1353 1292 1396 αὙρον,

646 1414 819 1460 Χωπως
852 1430 940 1463 μετ
973 1431 1078 1462 εμου
1111 1415 1226 1465 καλη

715 1490 873 1534 Καλως
905 1507 1168 1533 κατακεισει.

645 1567 785 1621 Υμην,
820 1568 983 1620 Υμεναι
1018 1567 1158 1620 Υμην,

714 1645 841 1697 Υμην
874 1645 1078 1695 Υμεναιε.

446 1729 485 1769 X

281 1793 454 1864 [1³3⁵]

333 1934 425 1969 212.
455 1929 702 1969 Exturbanda
725 1941 867 1980 quoque
888 1939 973 1967 cen-

279 1996 386 2035 sebat
404 1994 454 2034 R.
475 1996 535 2043 B.,
554 2008 664 2047 quem
685 1995 814 2032 firmat
831 1995 930 2032 Rav.

335 2064 427 2100 213.
457 2066 481 2084 “
498 2061 570 2110 leg.
599 2063 812 2112 «προτε-”
851 2058 902 2096 R.
922 2058 970 2097 Β.

281 2136 395 2176 quam
414 2125 566 2162 exhibet
585 2124 683 2161 Rav.

336 2192 427 2226 214.
455 2188 520 2226 Ad
537 2187 636 2224 hunc
653 2185 808 2224 modum
827 2186 971 2236 epitha—

280 2253 440 2293 lamium
467 2251 658 2291 ordinarat
685 2257 721 2289 et
745 2252 818 2290 fere
847 2263 972 2288 emen-

274 2318 438 2355 daverat
474 2314 524 2353 R.
544 2315 591 2352 B.
608 2330 619 2361 ;
676 2315 739 2353 sed
785 2314 893 2352 aliter
937 2319 974 2351 et

282 2381 430 2428 melius,
464 2381 534 2418 nisi
552 2379 675 2427 fallor,
705 2392 881 2429 personas
899 2379 974 2417 dis-

281 2447 420 2489 tribuit.
455 2450 480 2469 “
502 2445 670 2483 Metrum
687 2451 743 2483 est
762 2445 930 2482 Ionicum
949 2457 973 2482 a

283 2513 458 2563 majore.'’
502 2509 573 2547 Sed
589 2522 718 2547 versus
738 2514 972 2560 asynartetos

283 2591 362 2619 esse
386 2589 433 2615 ex
460 2575 601 2613 duobus
631 2574 882 2612 anacreonteis
911 2586 974 2611 ca-

282 2638 464 2680 talecticis
513 2642 551 2676 et
603 2637 973 2688 brachycatalecticis

283 2710 409 2745 censet
425 2701 616 2742 Hotibius.

347 2773 464 2809 1332.
508 2767 626 2815 ’Υμῆν
659 2765 792 2814 ιῖμέναῖ
829 2766 859 2804 αἶ
893 2767 974 2805 edd.

285 2841 312 2859 “
330 2837 401 2887 leg.
417 2833 460 2873 ἲω
477 2832 529 2871 vi.
550 2830 766 2871 Catullum.”
793 2831 845 2869 R.
862 2831 909 2870 B.
927 2832 975 2870 ad

490 1729 542 1769 Ο.
646 1724 686 1767 Ω
719 1739 984 1783 τρισμακαρ,
1019 1717 1075 1769 ὥς
1109 1715 1238 1767 δικαι-

647 1817 700 1847 ως
734 1798 920 1858 ταγαθα
955 1817 1026 1844 νυν
1058 1811 1187 1860 εχεις·

1027 1928 1124 1967 hanc
1140 1940 1313 1969 normam
1332 1929 1447 1977 1336,
1467 1934 1582 1979 1:341,
1599 1927 1716 1977 1346,

1030 1996 1158 2040 1352„
1188 1986 1348 2043 refingit.

1085 2062 1251 2096 1333—-
1274 2062 1388 2096 1350.
1435 2056 1628 2107 inclusive,
1675 2065 1718 2098 ut

1026 2123 1141 2168 aiunt,
1176 2122 1278 2160 HM.
1306 2123 1475 2175 appingit
1501 2125 1600 2162 Rav.

1085 2191 1199 2225 1334.
1229 2187 1330 2225 HM.
1362 2187 1411 2225 R.
1432 2188 1497 2234 B.‚
1535 2193 1572 2226 et
1608 2189 1721 2227 δικαῖ·

1027 2268 1086 2299 ως,
1115 2257 1157 2289 ut
1176 2252 1275 2289 Rav.
1305 2253 1397 2290 Post
1418 2256 1534 2291 1335.
1568 2254 1719 2292 asteris·

1027 2329 1110 2355 mos
1147 2316 1194 2355 ad
1230 2316 1406 2355 lacunam
1450 2318 1717 2369 designandam
1744 2325 1751 2328 “

1026 2382 1170 2420 infercit
1204 2381 1387 2432 Rupaus,
1419 2382 1519 2421 idem
1553 2382 1718 2421 facturus

1026 2452 1111 2497 post
1127 2459 1192 2484 vv.
1215 2451 1332 2492 1347,
1357 2451 1394 2484 et
1415 2450 1530 2484 1351.
1574 2446 1718 2484 Versus

1027 2515 1196 2561 quatuor,
1224 2510 1285 2561 qui
1303 2509 1416 2560 vulgo
1440 2512 1541 2552 1337
1560 2521 1719 2560 sequun-

1028 2579 1099 2621 tur,
1117 2574 1276 2612 intactos
1295 2573 1441 2625 reliquit
1459 2572 1518 2610 vir
1534 2585 1720 2621 summus,

1029 2639 1155 2677 AAA.
1191 2638 1291 2677 HM.
1324 2637 1464 2676 duobus
1496 2638 1638 2687 primis,
1680 2642 1719 2677 et

1029 2702 1132 2740 HM.
1172 2703 1313 2741 duobus
1349 2700 1490 2740 ultimis
1526 2703 1718 2753 praefigere

1029 2771 1236 2805 contentus.
1302 2766 1383 2804 Hos
1427 2763 1541 2802 etiam
1586 2764 1719 2804 retinet

1029 2830 1221 2879 Hotz'bius,
1233 2834 1270 2869 et
1283 2829 1362 2870 TP.
1376 2827 1586 2868 tn’buendos
1597 2832 1716 2880 putat.
