1864 3132
1479 189 1503 201 q

920 228 1020 277 508

258 334 599 403 emendatiqne
630 349 721 398 pro
753 339 993 392 κατησθιον
1014 335 1317 385 devorabant
1342 333 1690 399 rescripsimus,
1766 333 1770 338 ’

183 444 185 446 -
258 432 348 471 κᾳτ
388 406 615 468 ησθιοίι,907
667 428 726 460 ac
766 410 940 460 deinde
979 411 1197 461 edebant.
1263 412 1454 475 Quippe
1488 412 1692 460 verbum

259 483 340 533 hic
361 485 528 533 haberi
552 492 758 550 oportet,
795 487 926 551 quod
957 509 1021 550 τῳ
1060 485 1255 537 Saevum-o
1285 503 1431 535 sensu
1462 484 1694 551 aequipol-

260 558 386 608 leat:
425 559 488 617 id,
531 562 662 625 quod
695 562 757 610 de
794 566 1030 619 κατησθιον
1070 564 1353 628 neutiquam
1391 563 1486 610 dici
1519 566 1697 626 potest.

265 635 409 684 Hanc
447 653 592 701 porro
640 639 922 703 scripturam
968 640 1185 706 exigunt,
1224 656 1334 703 quae
1374 639 1423 687 in
1464 643 1700 703 sequente

266 728 410 762 versu
432 714 674 764 habentur
696 718 844 773 ησθιον
865 736 1186 782 κεκορεσμενοιῑ
1226 717 1403 781 quippe
1433 715 1540 763 haec
1567 714 1703 761 locu·-

268 791 336 839 tio
382 793 666 841 tantundem
712 792 854 852 valet,
913 794 1043 858 quod
1086 797 1328 858 εκορεσθεν,
1387 814 1476 854 κᾳτ
1521 793 1701 846 ησθιονξ

271 869 485 936 ejusdem
531 878 693 920 autem
749 872 1004 920 sententiae
1061 871 1397 936 repetitionem
1453 871 1562 934 ipsa
1609 866 1706 916 loci

271 953 448 996 natura
485 947 708 1012 postulat.

274 1044 332 1093 V.
362 1056 486 1095 1285.

358 1131 643 1191 ’Θωρησ-σοντ
675 1149 734 1193 ap
768 1149 926 1176 επειτα
961 1150 1229 1183 πεπαυμενοι
1263 1131 1357 1176 ΤΡ.
1395 1131 1600 1200 Aegeum.

147 1236 240 1278 288
277 1227 304 1258 '⁸‘
320 1231 353 1252 “
371 1226 488 1275 Fuit
511 1242 619 1275 cum
642 1234 863 1291 putarem
885 1228 1146 1293 legendum
1170 1250 1470 1286 πεπασμενοι;
1505 1232 1560 1275 ut
1583 1231 1712 1274 esset

279 1307 311 1328 “
334 1303 459 1351 idem
484 1318 543 1350 ac
582 1326 884 1369 κεκορημενοις
919 1311 969 1352 et
1009 1305 1144 1367 quasi
1186 1304 1323 1352 Echo
1364 1304 1501 1350 daret
1534 1302 1604 1349 illi
1639 1317 1717 1360 ref

281 1386 314 1406 “
337 1397 565 1445 sponsum
589 1403 783 1437 ασμενοι.
852 1382 1047 1430 Tamen
1080 1383 1199 1430 nihil
1234 1389 1383 1439 muto,
1423 1388 1473 1429 et
1509 1380 1717 1428 calidum

284 1462 316 1481 “
339 1456 542 1505 fortasse
567 1457 707 1504 nimis
744 1458 838 1505 hoc
873 1458 1140 1506 inventum.
1213 1457 1510 1523 Conjectura
1533 1462 1722 1504 tantum
1784 1451 1786 1457 '

286 1539 318 1560 “
340 1533 448 1593 fuit,
485 1535 535 1582 in
561 1550 658 1598 qua
681 1534 823 1583 facile
846 1535 1096 1584 aberrasse
1117 1553 1148 1583 a
1171 1551 1332 1599 scop0,
1365 1535 1415 1582 in
1441 1532 1583 1599 quem
1609 1548 1725 1580 con-

288 1613 546 1679 “jicimus
620 1613 749 1661 Sane
779 1615 906 1662 enim
946 1615 1129 1679 (neque
1169 1615 1295 1673 dolo,
1337 1629 1430 1662 nec
1462 1612 1727 1660 ambitioiie
1777 1610 1780 1611 ⁷

289 1695 320 1715 “
345 1691 475 1753 dico)
499 1707 667 1739 verum
690 1691 893 1756 vestigo,
919 1692 1161 1755 ruspinor‚
1184 1697 1445 1755 percontor
1465 1708 1476 1739 ;
1520 1689 1568 1737 Is
1592 1703 1728 1736 meus

291 1773 323 1792 “
347 1774 420 1815 est
442 1767 565 1816 finis.
637 1768 882 1816 Caeterum
922 1770 1110 1818 videtur
1149 1768 1263 1816 huic
1301 1766 1480 1824 versui,
1520 1772 1575 1814 ut
1594 1764 1731 1813 Hex-

292 1848 531 1893 “ameter
553 1846 628 1904 sit,
671 1847 838 1894 deesse
877 1846 1070 1894 ultimus
1110 1846 1367 1909 spondeus,
1407 1844 1537 1892 velut
1579 1842 1729 1899 οὕτως,

296 1929 328 1951 “
349 1930 435 1972 aut
458 1924 575 1987 quid
597 1923 799 1971 simile.’'
870 1922 947 1972 Fl.
979 1922 1308 1971 Christianus.
1381 1920 1611 1968 Calidum
1627 1918 1733 1966 for-

296 2007 423 2049 tasse
448 2000 588 2048 nimis
619 1997 908 2048 inventum?
976 1999 1130 2047 Immo
1171 1998 1477 2062 ingeniosum
1518 1996 1640 2042 adeo
1679 2001 1735 2042 ut

297 2076 419 2123 nihil
439 2093 469 2123 a
492 2083 540 2123 te
563 2076 679 2123 alias
712 2076 789 2124 vel
820 2075 973 2123 simile
1001 2075 1077 2123 vel
1108 2074 1370 2122 secundum
1404 2071 1733 2136 excogitatum

253 2183 254 2186 =
299 2153 392 2209 sit;
439 2158 490 2198 at
528 2152 694 2199 timide
734 2152 856 2198 adeo
891 2150 1147 2216 gelideque
1187 2150 1525 2205 ministratum,
1565 2154 1619 2194 ut
1656 2147 1738 2194 vix

300 2227 593 2293 persensisse
615 2227 837 2284 videariS,
875 2234 1110 2290 quantum
1145 2227 1356 2292 vulgatae
1387 2223 1586 2273 lectioni
1616 2237 1743 2286 prae-·

303 2310 411 2353 stet.
485 2304 542 2350 In
567 2305 658 2350 hac
681 2304 853 2367 utique
878 2320 986 2351 cum
1023 2327 1289 2359 πεπαυμενοι
1325 2304 1530 2359 dicatur,
1568 2318 1742 2349 πεπαυ-

300 2401 418 2438 μενοι
443 2379 645 2426 obsecro
668 2376 809 2430 τινοςῖ
845 2378 977 2427 Nam
998 2380 1125 2427 vocis
1145 2380 1281 2428 istius
1305 2387 1401 2427 tam
1423 2379 1552 2427 nude
1569 2376 1742 2440 positae

306 2471 459 2521 vagus
489 2455 630 2502 nimis
663 2462 736 2502 est
767 2471 950 2514 sensus,
988 2472 1050 2504 ne
1082 2457 1236 2504 dicam
1270 2456 1441 2504 nullus.
1513 2455 1669 2502 Porro
1703 2454 1745 2502 si
1766 2461 1800 2510 J

310 2543 668 2583 ΗΟῙΗΤΑΡΙΟΝ
715 2542 948 2593 nostrum,
994 2535 1070 2583 vel
1108 2543 1240 2583 certe
1280 2532 1508 2599 παιδαριον
1547 2529 1744 2596 φιλῳδον

311 2610 460 2660 verbo
507 2616 818 2674 Θωρησσοντο,
875 2612 1231 2671 se-armabant,
1290 2611 1408 2660 nihil
1461 2610 1525 2657 ad
1579 2609 1744 2676 gulam

369 2754 461 2792 207.
490 2754 516 2772 “
529 2749 600 2799 leg.
614 2747 697 2800 κᾷτ’
709 2749 869 2795 ἥσθιον.”
885 2749 1003 2797 R.B.‚
1058 2753 1284 2806 ἐμοίχευσας
1297 2767 1342 2789 τε
1353 2749 1438 2803 κᾷτ’
1452 2748 1628 2801 ἐλήφθης.
1639 2747 1689 2787 R.
1699 2746 1746 2785 P.

317 2820 353 2853 et
376 2813 582 2865 BergleruS.
605 2814 705 2851 Nub.
726 2819 839 2858 1072.
867 2821 891 2839 “
915 2816 1004 2866 Leg.
1061 2817 1161 2867 apud
1182 2816 1228 2855 P.
1245 2815 1290 2855 P.
1306 2816 1360 2854 D.
1711 2821 1716 2825 ’
