1864 3132
944 211 982 263 4

592 320 647 372 N
649 325 707 371 ec
740 336 859 371 vero
892 321 1254 379 mirari-subest
1287 335 1394 374 eam
1427 314 1683 376 mirui's‘in·¹

244 327 521 387 expectare.

243 406 434 466 teg-ram
458 399 638 449 servari
660 398 712 451 in
733 398 833 447 illis
849 398 1283 467 Homtii·scriptis,
1324 414 1437 468 quae
1468 403 1685 455 sermoni

235 477 506 542 propiora⁹
530 477 635 542 ipse
659 482 734 525 est
754 475 1014 542 professus
1040 497 1045 517 τ
1065 479 1192 528 Illud
1214 497 1363 545 porro
1386 483 1686 550 monendum

243 561 319 604 est
352 555 478 602 hanc
513 555 755 620 ακριβειαν,
782 556 903 618 ssquoe
936 554 1069 620 a'pud
1091 554 1303 608 Graecos
1324 567 1569 626 perpetua
1592 567 1682 621 est,-

241 632 374 696 apud
398 631 608 680 Latinos.
637 648 737 681 non
775 632 867 681 nisi
901 639 1012 697 post
1036 630 1267 685 'Lucretii
1301 630 1689 703 tempom“obti³'

244 710 419 758 nuisse.
480 709 749 778 Virgiliani
765 710 906 769 illius,
936 710 1149 762 Ponite‘:¹
1185 729 1297 778 spes
1331 715 1428 764 s'zbi
1461 716 1682 784 quisque,

241 785 537 848 peculiarem
574 786 812 836 rationem
854 788 1080 851 exposuit
1118 788 1424 851 Victorinus,
1459 809 1581 859 pag.
1608 805 1680 848 95.

242 861 318 909 Ibi
344 868 507 911 tamen
532 862 658 911 forte
680 863 975 931 legendum:

241 957 454 1009 Ponite:
482 961 686 1028 quisque
697 962 793 1012 siba·
808 980 933 1027 speS,
942 964 1035 1013 sed
1052 976 1200 1031 quam
1213 974 1435 1032 angusta
1453 966 1686 1021 videtis.¹⁰

296 1081 337 1124 9.
368 1077 490 1116 Serm.
511 1090 541 1117 1.
559 1070 612 1118 iv.
630 1078 698 1120 42.

296 1145 360 1180 10.
388 1142 442 1180 sic
480 1143 659 1194 scriptum
690 1151 812 1196 puta:
852 1146 942 1185 Vir-

239 1204 380 1258 giliano
406 1207 556 1257 quidem
588 1208 628 1246 in
657 1210 729 1265 isbo
756 1212 844 1249 AEn.
872 1223 939 1249 XI.

239 1259 333 1317 309.
380 1271 537 1311 Ponite:
569 1287 652 1324 spes
670 1275 741 1313 sibi
764 1275 937 1327 quisque3

237 1335 304 1373 sed
337 1336 412 1374 Itoec
450 1350 558 1388 quam
594 1346 755 1392 angusta
791 1341 937 1396 videtis,

237 1400 346 1440 docet
383 1401 598 1443 Victorinus
640 1417 726 1456 pag.
755 1407 821 1451 95.
865 1405 941 1456 pri-

238 1477 346 1504 mum
354 1466 488 1516 pedem
495 1480 568 1506 non
576 1480 656 1508 esse
663 1470 842 1509 creticum
850 1471 942 1508 dua4

237 1531 306 1569 bus
324 1531 370 1569 de
387 1532 532 1571 causis:
563 1535 684 1584 primo
701 1535 826 1586 utique
843 1535 941 1587 quod

237 1607 326 1645 pars
359 1596 534 1636 orationis
579 1597 811 1648 compleatur
854 1600 942 1637 cum

238 1659 354 1709 pede;
384 1660 514 1699 deinde
528 1661 629 1712 quod
657 1674 812 1713 sequens
830 1674 943 1701 voca-

237 1723 370 1762 bulum
387 1737 468 1774 spes
482 1724 599 1763 alium
611 1725 762 1765 inchoet
777 1739 942 1765 sensum.

238 1787 358 1838 Atqui
376 1792 580 1841 utrumque
602 1789 710 1827 nihili
738 1789 847 1839 plane
863 1801 943 1827 esse

238 1857 459 1902 argumento
516 1858 574 1891 est
621 1847 724 1892 'alter
777 1853 943 1904 ejusdem

237 1910 365 1954 ‘Poetae
385 1915 489 1955 locus
508 1917 597 1955 AEn.
617 1929 683 1955 rx.
709 1921 776 1962 37.
831 1916 944 1955 Ferte

238 1979 308 2016 citi
320 1979 472 2032 ferrum
483 1994 499 2024 ‚·
535 1981 620 2019 date
649 1981 747 2022 tela:
778 1983 944 2022 scandite

237 2055 372 2081 muros.
446 2043 504 2081 Ibi
539 2044 682 2095 *utique
727 2058 814 2095 pars
859 2058 943 2084 ora-

236 2106 347 2146 tionis
382 2106 458 2144 tela
493 2120 567 2146 non
594 2108 718 2147 minus
753 2123 868 2161 quam
902 2111 942 2148 in

238 2169 355 2208 altero
391 2169 542 2209 'Ponite
595 2171 804 2222 completur
852 2187 941 2212 cum

238 2234 361 2279 Pede3
389 2240 428 2273 et
451 2235 547 2286 quod
577 2238 811 2288 subsequitur
836 2252 942 2278 scan-

235 2299 314 2339 dite
321 2298 438 2337 alium
448 2295 601 2339 inchoat
608 2314 758 2340 sensum
770 2317 777 2341 :
798 2308 940 2343 utrum-

238 2375 309 2415 que
341 2368 469 2401 tamen
512 2364 727 2416 neutiquam
767 2366 858 2406 facit
899 2372 942 2407 ut

238 2428 312 2466 tela
339 2440 413 2466 non
436 2428 522 2478 jam
549 2430 756 2478 spondeum
784 2432 848 2470 sed
865 2437 940 2470 tro-

239 2491 401 2529 chaeum
418 2491 630 2531 constituat.
666 2494 825 2533 Accedit
842 2497 939 2547 quod

237 2556 349 2606 priori
357 2562 569 2595 commento
576 2558 818 2598 adversentur
824 2561 938 2600 etjam

237 2619 413 2670 exempla
448 2632 495 2658 ex
537 2621 712 2661 Terentio
756 2622 934 2663 laudata:

237 2681 388 2733 quisqu?
404 2682 510 2731 scire,
525 2684 677 2735 quisqu?
693 2686 850 2725 scribere
863 2688 938 2727 &m

238 2746 363 2786 Hodie
378 2752 505 2786 autem
522 2747 687 2788 fecerunt
701 2753 742 2789 αἱ
762 2750 936 2806 Sem-epm

237 2811 434 2865 φροντιδες·
478 2812 630 2866 [Eurip.
659 2814 814 2867 Hippol.
843 2821 933 2857 438.

991 1072 1126 1123 Monk.
1146 1091 1183 1124 et
1201 1085 1305 1141 alibi]
1322 1093 1364 1126 ut
1381 1088 1504 1128 nullus
1519 1089 1686 1144 dubitem

987 1148 1075 1199 quin
1086 1149 1138 1188 sic
1151 1150 1339 1200 scripserit
1347 1153 1546 1205 Virgilius:
1577 1155 1687 1206 Spem

986 1213 1020 1251 si
1046 1227 1153 1264 quam
1170 1217 1303 1256 accitis
1319 1218 1490 1258 AEtolum
1509 1220 1690 1262 habuis&

986 1277 1024 1315 in
1043 1279 1167 1326 armis,
1186 1280 1334 1322 Ponite.

988 1368 1133 1408 Caetera
1148 1384 1222 1421 qua
1236 1385 1357 1411 rerum
1376 1373 1452 1414 &c.

988 1452 1132 1492 Versus
1171 1459 1298 1494 autem
1337 1459 1549 1509 complendi
1597 1467 1698 1503 eon-²

987 1517 1112 1555 silium
1146 1519 1194 1556 ab
1232 1519 1404 1569 imperito
1446 1526 1571 1565 nescio
1613 1540 1687 1580 quo

988 1578 1203 1633 susceptum
1226 1584 1388 1637 reliquis
1401 1587 1482 1628 istis
1508 1604 1590 1641 spes
1616 1593 1688 1631 sibi

989 1645 1137 1696 quisque
1152 1646 1226 1684 &c.
1242 1654 1367 1688 ortum
1381 1651 1538 1692 dedisse.
1541 1654 1561 1676 ³*
1582 1655 1699 1702 Quid!

979 1709 1113 1761 enim?
1159 1711 1370 1752 Unicamne
1395 1716 1548 1756 obsecro
1578 1731 1702 1769 spem*

988 1773 1057 1812 sibi
1074 1783 1257 1827 quemque
1272 1777 1384 1818 fuisse
1401 1778 1598 1822 dicendum
1615 1789 1686 1831 est,

989 1853 1038 1878 an
1054 1855 1143 1880 vero
1160 1843 1326 1895 aliquam
1347 1853 1493 1888 tantum
1509 1854 1522 1889 ?
1567 1850 1701 1904 Atqui·

989 1905 1061 1944 hoc
1093 1906 1260 1958 ineptum
1293 1917 1362 1959 est,
1406 1913 1498 1952 illud
1530 1913 1699 1955 falsum.-

991 1970 1119 2018 Porro‚
1147 1976 1189 2010 ut
1205 1986 1290 2012 vere
1305 1976 1377 2015 dici
1393 1984 1520 2027 posset
1534 1979 1702 2018 unicam

989 2035 1057 2073 sibi
1074 2048 1257 2088 quemque
1283 2053 1390 2090 spem
1415 2041 1554 2091 fuisse„
1569 2055 1687 2095 neque

988 2100 1107 2139 ullam
1136 2114 1183 2139 ex
1210 2093 1286 2143 toto
1316 2105 1501 2146 sociorum
1531 2120 1693 2149 numem

987 2165 1073 2203 oriri
1106 2166 1290 2215 potuisse:
1334 2175 1483 2219 quantae
1500 2163 1685 2211 futilitatis

987 2235 1084 2269 esset
1099 2235 1180 2269 tam
1197 2232 1292 2270 serio
1308 2235 1686 2288 monereistiusmodi

986 2309 1090 2346 spem
1098 2309 1177 2335 esse
1190 2299 1408 2348 angustam!
1435 2299 1484 2338 R.
1493 2300 1547 2339 D.
1587 2302 1687 2342 Add.

987 2365 1024 2398 et
1037 2360 1143 2399 Corr.
1174 2361 1213 2412 [*
1223 2362 1285 2401 Sic
1303 2363 1547 2415 exemplaria,
1564 2379 1590 2404 a
1605 2366 1703 2418 quid

986 2425 1054 2463 bus
1066 2429 1202 2464 temere
1219 2427 1314 2466 mihi
1331 2428 1475 2468 videtur
1491 2432 1686 2478 recessisse

987 2487 1182 2527 Harlesius
1196 2504 1208 2527 :
1236 2492 1388 2530 omnino
1418 2494 1558 2532 dederit
1587 2494 1686 2534 mal-

985 2552 1090 2599 lem;
1125 2555 1221 2604 quod
1249 2562 1347 2595 certe
1375 2558 1425 2595 ad
1456 2558 1682 2608 optimorum

987 2617 1205 2657 Latinorum
1228 2621 1409 2660 rationem
1436 2623 1604 2662 maxime
1621 2635 1684 2662 ac-

985 2680 1104 2727 cedit3
1149 2683 1305 2722 dedisset
1338 2699 1417 2725 non·
1444 2686 1681 2737 displiceret;

984 2745 1068 2783 ferri
1099 2753 1196 2785 certe
1220 2755 1353 2798 potest,
1381 2755 1419 2789 et
1444 2751 1498 2789 sic
1526 2750 1682 2791 fortasse

984 2809 1178 2850 Dawesins
1194 2813 1352 2864 scripsit.
1395 2814 1441 2853 In
1457 2814 1595 2854 dedisse
1613 2823 1681 2867 ego
