1864 3132
781 262 800 329 (
860 260 957 315 vii·
1009 261 1028 326 )

189 362 376 412 Chorus
414 366 576 411 autem
609 358 686 408 ita
706 355 972 423 respondet,
1009 358 1071 407 ut
1109 356 1322 408 consulto
1341 354 1452 425 joci
1471 346 1618 406 solius

183 458 333 490 causa
368 457 474 490 eam
507 456 542 488 a
573 455 626 487 se
656 443 943 502 usurpatam
962 443 1215 503 suggerat.
1288 436 1423 486 Unde
1444 436 1618 502 colligo

182 517 401 567 Ionicum
442 532 542 566 om
601 514 780 564 bomini
838 513 1006 562 Attico
1060 515 1186 563 serio
1245 513 1466 564 adhibere
1521 531 1618 563 non

185 595 389 644 licuisse.
459 594 659 662 Alioqui
695 594 822 643 enim
856 592 1106 660 objectioni
1142 610 1174 642 a
1216 593 1424 658 Trygaeo
1452 592 1621 642 allatae

182 671 345 720 nullus
359 670 552 740 fixisset
586 671 728 720 locus.
801 669 929 719 Haec
960 670 1122 718 autem
1149 670 1207 718 de
1242 671 1358 718 meis
1396 676 1499 718 tam
1542 670 1620 718 in-

179 765 338 814 genue
382 749 513 798 dicta
558 751 730 817 (nequ-e
770 749 895 798 enim
937 765 1100 798 eorum
1135 748 1395 815 quidquam
1429 748 1489 796 ab
1523 747 1619 796 alio

184 827 349 894 quovis
373 827 606 894 oly’ectum
641 827 857 892 cognovi)
882 824 1086 893 facient
1122 825 1292 890 opinor
1323 831 1382 873 ut
1415 825 1621 891 quoties·

185 922 371 971 cunque
393 922 425 952 a
455 905 576 953 viris
597 904 935 953 eruditissimis
963 903 1257 962 dissentiam,
1293 909 1440 969 atque
1460 919 1624 952 eorum

186 980 352 1030 itidem
393 980 556 1045 (verbo
589 981 718 1029 absit
756 980 960 1045 invidia)
998 996 1186 1028 errores
1229 995 1524 1045 coarguam3
1572 977 1628 1026 id

187 1074 281 1106 non
293 1057 406 1124 jam
426 1058 486 1107 de
520 1076 684 1107 eorum
707 1059 928 1108 laudibus
950 1058 1229 1124 derogandi,
1253 1058 1339 1107 sed
1360 1075 1490 1107 veroe
1512 1074 1624 1107 eru-

166 1135 383 1206 ditionis
404 1136 669 1185 excolendoe
688 1136 849 1185 studio
870 1136 1011 1185 unice
1027 1133 1159 1201 fieri
1181 1135 1422 1184 videatur.

290 1215 360 1263 At
398 1213 569 1280 quidni
609 1213 951 1280 Metaphrasin
990 1232 1079 1281 pro
1137 1212 1415 1263 accuratiori
1476 1229 1626 1278 quam

188 1291 332 1341 hodie
364 1310 464 1359 prae
497 1301 545 1341 te
572 1293 667 1342 fers
701 1294 880 1360 linguae
914 1291 1317 1359 praestantissimae
1352 1280 1627 1357 cognitione

189 1369 515 1435 refingendam
565 1370 628 1419 -in
674 1378 723 1419 te
774 1370 1006 1437 recipias?
1069 1369 1351 1434 Reciperem
1389 1385 1522 1427 sane,
1574 1367 1629 1416 ni

187 1445 356 1505 otium,
382 1463 472 1512 quo
493 1463 589 1495 non
610 1447 687 1495 ita
703 1446 889 1495 abunde
918 1453 1049 1505 utor,
1082 1446 1135 1494 in
1156 1444 1480 1494 emaculandis
1498 1449 1629 1491 vete-

188 1537 301 1570 rum
332 1529 591 1586 poetarum
628 1523 848 1587 operibus
889 1523 1048 1588 magis
1081 1540 1108 1571 e
1147 1539 1203 1571 re
1237 1521 1464 1585 literaria
1510 1520 1631 1569 mihi

192 1598 383 1648 viderer
397 1598 745 1648 conlocaturus.
812 1599 963 1647 Immo
976 1604 1283 1663 recepturum
1299 1614 1373 1646 me
1382 1596 1631 1662 polliceor,

188 1676 236 1726 si
256 1676 556 1724 eruditorum
572 1680 769 1741 gentem
799 1692 981 1724 mecum
1013 1691 1108 1723 non
1135 1674 1303 1723 itidem
1336 1673 1520 1723 sentire
1551 1673 1631 1720 in-

195 1753 437 1803 telleoeero.
496 1752 750 1802 Sciendum
772 1758 846 1800 est
868 1752 1050 1818 utique,
1074 1751 1119 1800 si
1135 1749 1424 1818 cujusforte
1442 1750 1498 1798 id
1507 1749 1634 1798 scire

195 1830 405 1891 intersit,
421 1836 679 1895 poetarum
696 1845 770 1877 me
791 1827 1189 1886 Atticorum‚‘uti
1212 1832 1260 1874 et
1282 1825 1488 1874 Homeri
1507 1824 1634 1872 Pin-

195 1908 398 1975 darique
443 1907 695 1956 editionem
736 1905 938 1962 moliri3
992 1905 1053 1954 ab
1099 1905 1443 1970 Aristophane,
1500 1903 1637 1971 cujus

196 1989 340 2039 unius
361 1989 414 2038 in
433 1988 630 2054 scriptis
652 1987 755 2035 loca
788 1992 848 2035 ut
881 1986 1129 2035 minimum
1164 1986 1235 2035 bis
1263 1985 1395 2034 mille
1416 1983 1635 2034 emenda·
1659 1985 1706 2035 vi

200 2071 342 2114 turus
374 2065 494 2113 mihi
524 2063 719 2123 videor‚'
742 2063 873 2111 brevi
906 2078 1203 2112 exorsurum.
1250 2060 1358 2121 ‚Ea
1387 2068 1550 2109 autem
1582 2061 1637 2109 in

192 2143 446 2208 provincia
477 2139 868 2191 administranda
911 2140 1028 2207 quid
1059 2138 1251 2188 tandem
1283 2156 1316 2186 a
1349 2155 1423 2187 me
1438 2136 1537 2205 sas
1567 2138 1637 2187 sit

200 2230 466 2289 expectare,
480 2245 697 2288 τεκμηριῳ
710 2227 915 2270 utentur
934 2219 1114 2269 eruditi
1130 2216 1354 2283 suly'ectis
1370 2217 1640 2266 studiorum

201 2318 412 2351 meorum
419 2300 673 2365 primitiis.
721 2298 935 2348 Nostras
948 2314 1100 2362 porro
1123 2295 1473 2363 qualescunque
1495 2311 1639 2343 curas

203 2381 306 2432 alia
327 2379 495 2429 itidem
528 2364 908 2426 emendationum
928 2373 1224 2440 supellectile
1248 2390 1390 2440 quam
1416 2372 1634 2437 suppedi-

204 2465 379 2509 tarunt
414 2473 520 2506 cum
558 2455 656 2504 viri
695 2454 956 2504 doctissimi
1002 2459 1105 2502 tum
1141 2453 1385 2516 praecipue
1414 2450 1637 2516 Scaliger

203 2535 350 2595 alter,
395 2531 737 2582 lucidissimum
757 2530 884 2580 illud
903 2530 1012 2579 coeli
1033 2530 1246 2579 literarii
1280 2529 1498 2582 decus¹⁴,·
1540 2545 1635 2592 pro

189 2611 370 2680 judicii
391 2616 522 2661 eerte
544 2609 699 2658 nostri
722 2608 907 2658 modulo
929 2608 1227 2658 exornandas
1247 2606 1535 2655 curabimus.

262 2743 323 2777 14.
352 2736 751 2777 Hor.car1n.Saec.2.
768 2735 892 2787 Hujus
947 2736 1033 2774 Bat·
1081 2732 1196 2775 1624.
1256 2734 1439 2784 subjectas
1483 2731 1635 2783 reperiet¹

206 2802 477 2845 emendationes
520 2799 614 2839 calci
664 2799 721 2837 ed.
774 2799 893 2853 Lugd.
946 2798 1072 2840 lector.

1212 2874 1243 2905 B
