1864 3132
912 260 987 308 30

229 362 402 412 Lectio
437 367 637 424 recepta
675 366 847 408 contra
885 361 1026 410 metri
1060 362 1293 411 trochaici
1333 363 1570 413 rationem
1614 365 1699 419 in.

231 440 345 488 sede
384 438 527 486 tertia
565 437 836 501 spondeum
869 437 1085 503 praefert.
1169 439 1314 500 Quod
1348 448 1403 490 ut
1435 442 1674 507 deinceps

232 517 455 573 evitetur,
490 515 752 581 legendum
776 522 873 576 est,

297 616 530 683 Namque
552 630 719 682 equos,
754 632 997 683 aequorve,
1032 625 1259 685 qu-aestus

234 716 356 781 Pag.
381 726 452 764 32.
487 715 519 764 l.
544 727 586 765 5.

305 800 515 863 Quando
537 819 638 851 uon
660 802 902 868 digammi
923 801 1073 852 sumit
1094 818 1250 869 neque
1256 803 1493 868 figuram
1515 814 1671 870 neque

430 872 634 944 sonum]

231 968 364 1018 Huic
387 969 532 1017 etiam
552 969 728 1027 versui,
753 985 863 1017 cum
888 969 1058 1018 eodem
1083 969 1257 1017 morbo
1276 969 1481 1028 laboret,
1507 967 1674 1018 similis

233 1047 459 1117 facienda
481 1051 555 1095 est
578 1046 817 1095 medicina
837 1066 849 1096 ε

309 1145 519 1205 Quando
539 1162 641 1195 nou
663 1146 807 1194 sumit
830 1146 1076 1211 digammi.
1091 1173 1227 1182 -—-—

236 1244 376 1292 *Pro
408 1243 563 1292 altero
597 1250 760 1291 autem
795 1258 952 1308 neque
997 1244 1158 1291 malim
1203 1260 1307 1293 nec.
1382 1244 1676 1307 Quanquam

234 1322 364 1371 enim
398 1322 448 1369 in
484 1315 696 1386 septima*
723 1321 958 1369 trochaici
993 1322 1107 1369 sede
1142 1321 1415 1387 tribrachys
1453 1321 1671 1388 legitime

235 1400 402 1449 venire
425 1399 593 1463 possit,
615 1415 646 1446 a
662 1398 970 1447 Terentiano
992 1404 1156 1446 tamen
1180 1398 1264 1456 ibi,
1289 1395 1422 1462 quod
1444 1397 1677 1447 memine-

237 1477 344 1535 rim,
379 1491 619 1539 nusquam
640 1475 913 1523 adhibetur.
1370 1465 1374 1470 ’

239 1573 361 1638 Pag.
386 1577 457 1621 34.
491 1571 524 1621 l.
554 1584 620 1626 19.

311 1660 516 1710 Titulus
530 1658 820 1725 praescribet
842 1659 934 1708 iste
955 1659 1167 1708 discolor
1189 1658 1439 1727 sinopide]

239 1749 348 1798 Vox
381 1750 556 1799 titulus
585 1751 744 1815 prima
777 1750 1016 1814 producta
1050 1757 1221 1799 contra
1253 1756 1411 1798 artem·
1432 1750 1512 1799 hic
1535 1763 1675 1804 usur·

238 1833 399 1891 patur.
469 1828 695 1890 Repone,

314 1914 518 1964 Titulus
541 1913 682 1963 en!16
706 1911 996 1979 praescribet
1017 1913 1113 1963 iste

241 2013 365 2080 Pag.
391 2024 461 2062 35.
496 2013 527 2060 l.
558 2024 623 2065 17.

219 2158 223 2161 Α
306 2106 425 2156 Neu
442 2106 639 2155 subesse
648 2114 833 2172 proeter
848 2107 983 2167 istos,
1003 2123 1123 2174 quos
1139 2107 1331 2175 loquar,
1355 2124 1504 2158 casus
1525 2107 1680 2177 alios]

240 2206 508 2271 Principio,
551 2206 603 2253 in
647 2221 790 2254 versu
835 2207 929 2254 hoc
974 2207 1144 2256 ultima
1193 2208 1378 2273 syllaba
1423 2209 1679 2258 redundat.

244 2283 455 2341 Deinde,
502 2297 664 2346 neque
701 2283 753 2330 in
793 2283 1184 2347 praecedentibus
1230 2299 1323 2331 nec
1368 2284 1684 2348 sequentibus

301 2414 366 2454 16.
394 2415 519 2452 Hodie
532 2414 941 2462 malim‚Titulus,ut-—
995 2414 1102 2464 Virg.
1133 2414 1219 2452 AEn.
1255 2427 1299 2462 x,
1335 2419 1425 2454 220.
1451 2415 1534 2465 [Br.
1564 2415 1614 2453 ad
1642 2414 1687 2467 L]

247 2482 296 2519 R.
313 2481 367 2518 D.
404 2479 511 2517 Curae
535 2492 606 2517 sec.
639 2480 738 2529 apud
765 2481 939 2531 Burgess.
996 2478 1157 2529 Cybeben
1182 2479 1250 2517 Sil.
1271 2467 1361 2518 Ital.
1381 2480 1476 2518 Pun.
1494 2479 1573 2526 viii,
1594 2477 1687 2518 365.

247 2544 419 2584 Catullus
434 2544 478 2582 de
490 2545 585 2595 Aty,
605 2542 669 2583 68.
700 2545 941 2595 Egonedeum
993 2546 1047 2590 ix,
1076 2548 1165 2589 293.
1210 2545 1303 2591 xvii,
1330 2549 1366 2584 8.
1420 2543 1565 2594 Cybelae
1597 2544 1684 2582 AEn.

246 2609 429 2655 ministra,
444 2614 480 2646 et
493 2607 941 2660 Cybelesfamulaferar?
996 2607 1070 2654 111,
1094 2612 1138 2645 11
1149 2612 1181 2646 1.
1203 2609 1249 2646 R.
1266 2609 1310 2647 B.
1341 2607 1449 2647 Conf.
1465 2607 1622 2647 eundem
1638 2607 1688 2646 ad

249 2675 413 2727 Egon’ut
429 2704 438 2714 .
458 2703 468 2713 .
489 2703 497 2712 .
517 2674 688 2725 Cybebes
710 2675 815 2712 ΚΒ.
836 2675 941 2725 [AEn.
997 2674 1057 2711 Fr.
1091 2673 1236 2720 Gacon,
1269 2687 1306 2723 p.
1336 2677 1427 2712 218.
1467 2672 1516 2711 ad
1546 2672 1688 2711 Lucan.

251 2754 316 2789 vx,
345 2743 436 2784 780.
475 2739 652 2777 Viden’ut
667 2739 824 2789 geminae
842 2744 943 2778 stant
997 2738 1131 2776 Phars.
1152 2750 1183 2784 1,
1210 2737 1302 2777 600.
1335 2743 1372 2777 et
1395 2737 1447 2776 N.
1474 2737 1607 2777 Heius.
1638 2737 1688 2776 ad

251 2805 387 2845 vertice
411 2804 535 2843 ‘cristae
550 2805 584 2857 ?]
621 2803 778 2853 Cybebes
804 2803 943 2841 catull.
1000 2803 1172 2842 Prudent.
1192 2803 1396 2854 Pen'steph.
1417 2814 1464 2849 x,
1486 2800 1573 2847 196.

254 2874 366 2923 Atys.
384 2874 422 2915 9.
442 2872 506 2908 20.
525 2872 589 2908 35.
630 2866 767 2918 Cybebe
797 2871 860 2906 84.
879 2871 943 2913 91.
