1864 3132
175 757 236 797 45

962 242 1031 291 ’76

274 350 450 416 quibus
486 349 711 416 placebit,
752 350 884 414 quod
923 358 974 399 et
1008 350 1124 399 mihi
1160 351 1446 415 neutiquam
1480 349 1720 415 displicet,

275 450 396 494 ορεσι
421 450 506 476 ταν
534 449 664 475 ποτε.
722 425 856 476 Nam
881 427 1053 477 vocula
1087 451 1133 478 ev
1167 435 1241 477 sat
1275 427 1528 488 commode
1549 426 1721 475 abesse

275 511 438 570 potest
452 523 466 563 ;
503 503 645 552 sicuti
669 509 747 554 IA.
773 509 832 554 N.
859 516 959 562 390.

436 644 505 654 ¹·-
527 645 596 654 “-“
617 640 701 675 ‘rm
724 640 757 666 Τ
779 639 926 685 ovpeo'l
947 640 1151 673 ΤΕΚΤΟνΕς
1172 615 1334 685 ανδρες.

344 735 374 765 *
389 734 447 783 V.
473 747 543 784 22.
558 763 627 772 —
642 758 720 801 ρας
743 739 832 787 υἱον
855 734 1210 804 ορφανιζομενω]
1259 737 1369 786 Vox
1391 758 1479 785 υιον
1511 736 1723 800 priorem

275 811 356 860 hic
400 812 615 876 corripit.
675 813 724 861 id
764 814 895 878 quod
940 814 1085 861 etiam
1130 813 1264 877 apud
1307 811 1578 860 Homerum
1623 826 1725 858 non

276 887 429 937 semel
448 888 631 938 factum
654 891 819 940 videre
843 896 929 938 est.
980 890 1254 938 Schmidius
1278 888 1414 938 nulla
1435 887 1725 938 necessitate

277 967 515 1017 adductus
539 970 593 1027 υἱ,
629 969 723 1017 hoc
746 975 834 1028 est,
871 971 941 1017 υὶα
961 968 1096 1035 legit.
1130 1017 1135 1027 ,

347 1091 405 1140 V.
430 1100 501 1142 36.
525 1120 593 1128 —-
614 1094 760 1155 βοασε
784 1090 919 1141 vania
941 1090 1015 1158 όν]
1097 1090 1356 1140 [sectorem
1395 1106 1589 1164 yersum
1635 1089 1722 1138 ult.

278 1167 413 1216 adire
448 1168 633 1235 Jubent
677 1170 810 1218 editt.
859 1169 1054 1218 Oxonn.

279 1301 351 1340 hoc
366 1306 422 1340 est
436 1301 587 1341 lenitate
600 1302 701 1341 verbi
713 1301 977 1353 turpitudinem

278 1365 334 1404 rei
351 1365 536 1418 mitigare.
565 1367 759 1418 Aristoph.
777 1367 869 1418 Lys.
886 1371 975 1405 883.

281 1428 486 1481 κατάβηθ’,
509 1430 539 1469 ὦ
558 1431 740 1479 δαιμονία,
760 1433 815 1485 τῷ
835 1431 976 1484 παιδίῳ·

280 1493 377 1548 conf.
396 1497 489 1539 945.
528 1494 622 1536 And.
640 1495 713 1532 call
735 1495 799 1533 her
829 1493 977 1545 Angel!

283 1558 455 1597 God‘dess
473 1558 480 1596 !
513 1558 649 1597 Garth.
681 1559 881 1605 Quomodo
894 1559 978 1596 haec

282 1622 375 1661 mali
392 1623 494 1661 labes
513 1623 688 1671 evenerit,
715 1624 844 1673 paucis
871 1636 982 1673 expe-

282 1688 397 1725 diam.
448 1688 637 1726 Libran'us
673 1688 845 1727 videlicet
879 1687 980 1726 aliud

283 1765 397 1803 agens
408 1752 572 1791 litteram
584 1753 747 1802 primam
756 1753 983 1803 duplicavit3.

284 1822 416 1866 postea
434 1817 530 1855 alter
548 1818 671 1855 scriba
689 1831 708 1855 e
726 1818 838 1866 priori
859 1817 877 1855 ὃ
895 1829 981 1867 par-

285 1880 442 1919 ticuiam
474 1897 512 1919 ευ
541 1881 688 1927 elicuit;
722 1894 813 1919 nam
845 1886 870 1904 “
889 1881 981 1918 adeo

287 1946 428 1998 §imiles
467 1951 554 1984 sunt
595 1946 788 1984 literarum
812 1946 866 1987 'AL
894 1951 932 1983 et
949 1944 982 1983 :L

286 1993 436 2058 fluctus,
454 2015 495 2048 ut
512 2009 621 2048 facile
640 2010 759 2048 altera
775 2010 814 2047 in
833 2009 982 2048 alterius

288 2077 414 2115 locum
446 2076 602 2126 irrepere
630 2076 828 2126 potuerit.’'
862 2077 911 2114 R.
938 2077 982 2114 P.

289 2142 338 2179 ad
357 2142 478 2191 Toup.
507 2154 544 2190 p.
563 2139 656 2180 465.
705 2141 798 2179 Alia
815 2141 880 2179 via
904 2145 985 2179 ἰσο-

290 2206 428 2255 δαίμων
445 2206 528 2244 vice
546 2205 723 2255 εὐδαίμων
750 2206 807 2244 bis
825 2206 988 2257 reposuit

291 2269 343 2310 R.
361 2271 404 2308 P.
435 2271 577 2310 PRAE‘F.
598 2271 646 2309 ad
666 2271 756 2310 Eur.
773 2272 922 2318 xxxii.;
950 2277 987 2309 et

293 2333 342 2371 R.
362 2334 409 2371 B.
439 2347 458 2372 e
476 2335 669 2374 Venusino
687 2348 754 2374 suo
783 2336 923 2375 Ροῖτον
951 2342 988 2374 et

293 2397 451 2445 Metus,
472 2399 555 2437 loco
574 2400 745 2454 Εὔρυτον
764 2407 801 2440 et
820 2400 988 2452 Eurytus

293 2463 331 2501 in
357 2462 586 2512 Apollodoro
613 2470 651 2502 et
678 2463 834 2516 Hygino
861 2465 991 2505 rescri-

295 2527 417 2566 benda
452 2527 570 2565 docet.
627 2534 653 2551 “
673 2545 706 2566 οι
744 2534 782 2568 et
826 2546 845 2567 υ
891 2528 990 2580 apud

297 2591 456 2631 Graecos
484 2591 613 2629 eodem
641 2604 732 2630 sono
760 2592 992 2643 profereban-

297 2662 370 2694 tur.
419 2657 492 2694 Pro
511 2656 652 2694 Ροΐτον
669 2657 782 2706 igitur
810 2659 991 2708 scriptum

297 2726 378 2760 erat
392 2719 527 2768 Ρύτον,
547 2721 630 2758 inde
644 2727 870 2761 correctores
888 2722 993 2760 dede-

298 2792 384 2824 runt
402 2784 605 2839 Efi'pvrovl'
634 2786 917 2839 Ὑποκορισμοῦ
934 2787 995 2826 de-

300 2849 517 2898 finitionem,
574 2862 689 2900 quam
734 2863 782 2889 ex
829 2851 994 2898 Aristot,

1137 1167 1239 1216 Ubi
1284 1174 1486 1217 monent
1530 1167 1728 1231 quidem

1032 1300 1145 1339 Rhet.
1173 1312 1245 1338 111.
1275 1298 1368 1346 569.
1409 1300 1502 1340 citat
1536 1299 1727 1339 Dowaeaeus

1030 1367 1070 1405 in
1097 1365 1210 1404 Prael.
1238 1365 1287 1403 ad
1325 1365 1528 1405 Demosth.
1566 1378 1603 1415 p.
1625 1369 1728 1412 118.‚

1032 1443 1078 1468 ne
1100 1429 1208 1468 D.R.
1226 1429 1375 1481 quidem
1387 1429 1435 1467 ad
1447 1429 1549 1468 Tim.
1570 1443 1606 1480 p.
1620 1427 1729 1478 266„

1033 1495 1170 1533 nedum
1205 1495 1385 1533 Emestus
1426 1495 1475 1533 ad
1519 1494 1546 1533 l.
1581 1508 1615 1533 c.
1661 1506 1731 1532 acu

1034 1560 1199 1611 tetigisse
1230 1559 1413 1597 videntur.
1469 1559 1541 1599 Sed
1577 1559 1626 1597 fle
1659 1558 1734 1597 hoc

1033 1625 1140 1663 alias.
1170 1626 1325 1664 Errores
1343 1624 1507 1672 interim,
1527 1624 1590 1675 qui
1606 1622 1732 1662 nescio

1035 1703 1109 1741 qua
1134 1689 1326 1741 -ἅβλεψίᾳ
1362 1689 1578 1727 exciderunt
1619 1686 1735 1739 (Crit.

1035 1754 1128 1792 Rev.
1147 1753 1260 1801 June,
1276 1757 1391 1792 1803.
1405 1766 1441 1803 p.
1454 1758 1542 1798 127.
1557 1753 1583 1791 l.
1597 1756 1732 1803 24,5.)‚

1034 1818 1135 1855 hunc
1151 1818 1191 1855 in
1209 1817 1363 1855 modum
1392 1817 1568 1867 conigito
1580 1832 1591 1863 ;
1621 1816 1732 1854 Plato

1037 1881 1149 1920 Polit.
1164 1893 1203 1919 v.
1222 1895 1259 1932 p.
1274 1867 1366 1920 466.
1387 1881 1434 1919 Ε.
1451 1882 1494 1919 F.
1515 1882 1726 1919 Laemar.=

1039 1946 1147 1984 T.11.
1166 1958 1203 1996 p.
1217 1950 1310 1990 4¹74.
1333 1946 1378 1983 E.
1396 1946 1448 1984 H.
1466 1946 1522 1985 St.
1538 1946 1734 1986 Plutarch.

1039 2010 1130 2049 vol.
1150 2022 1201 2049 11.
1220 2024 1255 2061 p.
1277 2008 1340 2050 56.
1360 2010 1406 2050 e.
1426 2001 1682 2063 D.xyla1id,.;
1699 2016 1738 2050 et

1038 2075 1119 2114 dele
1139 2074 1247 2125 [Vol.
1268 2087 1318 2113 11.
1345 2089 1383 2125 p.
1399 2080 1465 2114 48.
1491 2076 1548 2114 ed.
1565 2076 1737 2129 Bryan.].

1040 2139 1262 2178 Meminisse
1293 2139 1384 2178 libet
1413 2140 1485 2179 hoc
1515 2142 1671 2179 verbum
1698 2141 1737 2179 in

1042 2203 1171 2243 Schol.
1198 2204 1295 2242 ven.
1329 2204 1375 2242 B.
1404 2204 1453 2243 ad
1482 2204 1527 2244 11.
1558 2206 1606 2244 θ.
1645 2210 1738 2251 373.

1040 2274 1256 2318 corruptum
1284 2268 1397 2308 latere
1409 2284 1420 2315 ;
1447 2268 1579 2316 ἤθικός
1607 2268 1738 2322 [πάνυ]

1042 2335 1121 2372 τῶν
1147 2334 1460 2388 φιλοφρονησέων
1488 2337 1560 2372 ‘rofi
1588 2334 1739 2388 πατρδο

1040 2396 1239 2447 μέμνηται,
1295 2398 1399 2440 αὐτά
1453 2398 1509 2436 τά
1563 2398 1738 2447 ὀνόματα

1043 2461 1203 2500 εἰποῦσα
1236 2464 1288 2500 οἷς
1319 2463 1549 2516 παρακαλεῖν
1571 2461 1691 2508 minin
1719 2462 1743 2499 ὁ

1046 2524 1147 2573 Ζειὶς,
1167 2525 1262 2580 πρός
1283 2526 1353 2565 τὰς
1368 2526 1457 2566 ἰδίας
1474 2525 1742 2580 εἶσεπορίζετο

1045 2592 1193 2647 χρείας.
1224 2589 1439 2642 Legendum
1456 2603 1476 2630 e
1494 2589 1633 2629 Codice
1648 2590 1739 2629 olim

1046 2654 1371 2701 TowNLmAuo,
1417 2652 1548 2692 ταυτᾰ
1584 2653 1639 2691 w*
1684 2652 1740 2693 ἂν.

1047 2722 1123 2757 sior.
1171 2716 1222 2757 οἷς
1261 2718 1510 2772 ὖπεκορίζετο
1556 2717 1678 2765 minin
1719 2720 1745 2755 ὁ

1051 2783 1151 2829 Ζεῦς,
1180 2783 1275 2836 πρὸς·
1301 2781 1370 2822 τὰ·
1399 2781 1488 2821 ἰδίας
1514 2783 1648 2836 χρείας
1674 2796 1745 2819 πα-

1051 2846 1237 2902 ρακαλόν.
