1864 3132
940 188 1043 235 504

273 304 477 348 metrum
501 298 551 345 in
575 296 781 346 Scenam
809 298 1022 348 Atticam
1041 301 1147 366 quis
1170 317 1384 366 unquam
1407 302 1704 353 introduxit?

271 373 475 421 Videtur
495 372 713 436 profecto
737 373 786 420 in
810 374 965 423 virum
990 377 1227 425 eruditum
1248 378 1325 425 hic
1348 378 1536 436 cadere,
1554 394 1700 443 quam

268 448 374 513 ipse
419 447 480 495 de
523 448 718 497 homine
764 449 917 497 Bacin
963 452 1220 500 aemulante
1265 453 1477 501 fabulam
1518 458 1700 501 narrat.

268 524 547 585 Quinetiam
589 525 783 573 inficeta
817 527 1071 576 admodum
1107 536 1180 577 est
1221 530 1358 588 ratio,
1399 546 1496 593 qua
1518 545 1581 578 ex
1602 536 1700 578 tro-

267 602 452 659 chaico,
492 618 634 666 quem
675 610 858 667 crepat,
899 605 1179 654 catalectico
1213 607 1472 654 iambicum
1498 604 1701 654 confieri

267 678 450 728 voluit:
511 684 571 727 Συ
605 701 719 734 παιε,
762 681 1132 730 orate—Minus
1177 684 1337 731 adhuc
1381 671 1583 732 ferenda
1626 688 1702 731 est
1770 727 1777 733 .

265 756 419 804 altera
441 756 532 804 ista
555 760 645 804 Παῖ
673 779 821 815 αυτον,
858 750 1225 807 {raas—Nullus
1259 766 1422 807 autem
1457 759 1573 813 mihi
1592 759 1698 825 jam

243 839 415 887 ,restat
471 832 738 896 scrupuluS,
801 834 919 897 quin
993 850 1159 882 vocem
1232 842 1337 893 Παι,
1397 852 1495 901 qua
1535 850 1699 884 servos

266 908 600 973 cujuscunque
656 908 809 956 aetatis
868 909 1012 956 moris
1064 909 1169 958 erat
1221 911 1525 976 compellare,
1583 916 1702 959 ante

264 985 467 1033 eandem
491 984 721 1049 syllabam
745 985 818 1032 bis
841 986 1060 1033 iteratam
1082 987 1384 1036 intercidisse·
1400 987 1694 1045 existimem;

265 1061 444 1126 quippe
465 1077 494 1108 a
518 1061 704 1109 Comici
728 1078 874 1109 manu
896 1062 1167 1126 profectum
1192 1080 1324 1114 esse:

402 1128 417 1144 s

511 1159 681 1222 IIAL²⁰⁸
715 1182 830 1221 παιε,
869 1183 972 1210 παιε
1006 1183 1087 1210 τον
1122 1169 1252 1211 Βακιν

316 1295 409 1331 203.
437 1290 492 1331 Ὦ
512 1297 599 1330 παῖε
627 1299 713 1332 παῖε
742 1293 813 1331 τὸν
840 1293 953 1331 Βάκιν

263 1357 363 1395 Rav.
408 1361 431 1380 “
449 1356 522 1406 leg.
549 1355 580 1394 αἶ
602 1357 665 1395 vel
693 1360 794 1400 πᾳῖ.”
833 1358 882 1396 R.
903 1358 951 1395 Β.

260 1419 383 1468 (Παΐε,
401 1423 504 1464 παῖε,
524 1425 611 1457 παῖε
625 1419 659 1458 J
657 1421 828 1470 ortinus.)
855 1421 951 1464 Quis

261 1483 362 1522 ausit
374 1496 522 1533 negare,
539 1485 693 1523 solemne
708 1485 773 1523 hoc
787 1485 952 1524 librariis

260 1549 392 1586 vitium
407 1561 497 1595 esse,
525 1555 581 1596 ut,
611 1551 752 1600 quoties
779 1552 872 1589 idem
888 1564 952 1590 vo-

261 1613 426 1651 cabulum
439 1614 662 1665 geminatur,
681 1616 835 1653 alterum
848 1617 950 1654 modo

256 1680 414 1728 ponant,
433 1676 589 1714 alterum
607 1678 779 1717 omittant
791 1683 807 1714 ‚⁷
833 1678 883 1715 R.
903 1679 949 1715 Β.

262 1742 311 1780 ad
329 1742 442 1779 Tusc.
464 1753 505 1778 v.
534 1755 571 1791 p.
591 1746 683 1787 494.
729 1744 826 1781 Vide
857 1743 953 1793 Tyr-

260 1806 378 1845 wlzitt.
408 1807 456 1844 ad
485 1806 642 1863 Aristot.
664 1808 766 1846 Poet.
795 1821 832 1857 p.
856 1806 946 1846 126.

263 1871 426 1910 Pausan.
448 1883 512 1916 VI,
535 1875 598 1909 10.
628 1886 664 1921 p.
683 1876 775 1916 475.
808 1874 862 1910 ςΩ
883 1879 956 1911 παῖ

263 1938 335 1982 τήν
350 1935 416 1974 ἀπ’
426 1934 595 1990 ἀρότρου
610 1937 803 1983 editiones;
821 1938 952 1977 Suidas

262 2013 301 2037 v.
319 2000 496 2045 Γλαῦκος,
509 2000 603 2038 nare
618 2001 688 2046 τήν
701 2001 759 2040 ἐπ’
769 2003 951 2056 α’ρότρου·

262 2065 357 2103 unde
375 2065 586 2114 legendum,
604 2064 659 2102 Ὦ
678 2071 758 2111 παῖ,
779 2072 866 2103 παῖε
881 2068 952 2112 τήν

260 2127 320 2166 ἐπ’
346 2127 528 2182 ἀρότρου.
567 2127 618 2164 R.
635 2128 679 2164 P.
712 2128 826 2165 Rhes.
857 2127 949 2166 685.

261 2195 360 2236 παῖε,
379 2194 477 2234 παῖε,
507 2191 580 2226 πᾶς·
599 2206 654 2227 τις
671 2190 727 2227 ἄν.
758 2191 827 2240 Eq.
858 2195 949 2235 247.

260 2254 368 2300 Παΐε,
378 2258 465 2290 παῖε
477 2252 547 2297 τόν
564 2254 787 2306 πανοῦργον,
806 2253 865 2291 καὶ
880 2270 950 2291 τα-

257 2315 696 2372 ραξιππόστρατον,Κα“ι
705 2317 879 2364 τελώνην,
890 2317 948 2354 καὶ

259 2381 455 2434 φάραγγα,
481 2380 539 2418 καὶ
557 2381 746 2433 χάρυβδιν
762 2383 946 2436 α’ρπαγῆς.

210 2455 213 2459 ’
259 2446 355 2486 conf.
374 2448 464 2485 251.
479 2443 571 2490 692.
600 2446 701 2482 Ach.
717 2450 945 2491 279-282.

259 2511 353 2551 688.
383 2510 472 2547 Pac.
492 2501 584 2548 320.
627 2510 800 2559 Xenoph.
820 2511 945 2549 Anab.

261 2587 305 2622 v,
316 2578 409 2618 407.
428 2578 528 2619 παῖε,
542 2578 642 2618 παῖε,
657 2573 797 2622 βάλλε,
808 2573 946 2622 βάλλε.

260 2639 357 2679 conf.
369 2642 504 2689 p.409.
516 2649 577 2675 V1.
597 2641 733 2686 p.484.
750 2638 945 2687 Aristoph.

258 2703 362 2741 Nub.
384 2698 500 2739 1506.
530 2701 665 2747 Δι’ωκε,
683 2699 823 2749 βάλλε,
843 2707 944 2739 παῖε.

260 2767 370 2806 Conf.
387 2767 472 2805 Ter.
490 2765 644 2804 Phorm.
668 2776 707 2812 V,
725 2764 801 2813 viii,
819 2769 887 2813 95,
905 2765 944 2804 6.

1005 1292 1261 1343 Repetitiones
1292 1295 1494 1341 verborum,
1541 1301 1584 1333 ut
1622 1309 1695 1334 non

1005 1361 1092 1394 sunt
1120 1357 1193 1394 nisi
1221 1357 1455 1408 gravissimis
1493 1357 1537 1395 de
1572 1355 1694 1397 causi&

1006 1419 1185 1466 tollendas,
1205 1418 1262 1457 ita
1279 1432 1350 1457 non
1366 1425 1452 1457 sunt
1470 1433 1514 1458 ex
1531 1420 1696 1458 emenda-

1004 1482 1103 1520 tione
1121 1483 1364 1525 obtrudendoe.
1394 1483 1443 1530 R.
1460 1482 1506 1521 P.
1526 1483 1575 1521 ad
1590 1483 1695 1534 Med.

1010 1549 1099 1588 157.
1134 1545 1308 1596 AEschyl.
1330 1546 1505 1596 Septheb.
1527 1549 1618 1584 580.
1653 1544 1695 1584 H

1005 1615 1102 1651 θεῖον
1125 1611 1236 1666 ἔργον
1264 1611 1321 1649 καὶ
1342 1614 1459 1651 θεοῖσι
1478 1609 1697 1667 προσφιλές.

1006 1675 1101 1713 Rob.
1116 1675 1204 1712 OEd.
1219 1674 1301 1712 Col.
1315 1679 1407 1722 743,
1423 1679 1462 1712 4.
1488 1673 1573 1712 vide
1588 1671 1637 1710 R.
1647 1671 1695 1711 P.

1008 1739 1154 1785 Tracts,
1189 1752 1224 1788 p.
1243 1743 1335 1782 217.
1365 1744 1402 1776 et
1434 1742 1550 1786 1298,
1567 1742 1607 1782 9.
1646 1734 1696 1775 ὃν

1004 1805 1079 1853 ἐγώ
1093 1803 1264 1853 μάλιστα
1281 1804 1348 1852 μὲν
1361 1803 1440 1850 Τήν
1458 1803 1530 1849 σήν
1544 1801 1694 1856 Εριννιῗν

1004 1871 1130 1908 αἴτι’ὰν
1140 1866 1227 1907 εἶναι
1245 1869 1355 1915 λέγω.
1385 1867 1497 1917 Lege,
1517 1862 1693 1904 Momm?

1009 1936 1168 1987 Εριννῦν.
1198 1934 1289 1970 OEd.
1310 1933 1393 1970 Col.
1416 1929 1531 1977 1677,
1552 1934 1588 1968 8.
1626 1930 1691 1967 οὒκ

1007 1998 1112 2037 ἐστὶν
1124 1998 1189 2044 μὲν
1201 1998 1357 2042 εἰκάσαι,
1369 1998 1485 2047 φίλοι.
1503 1993 1692 2044 Βέβηκεν;

1007 2067 1053 2113 οἷς·
1084 2061 1239 2110 μαλιστ’
1269 2059 1316 2097 ἂν
1346 2063 1377 2098 εὶ
1406 2059 1509 2096 ardon,
1543 2057 1692 2107 λάβοις.

1005 2127 1097 2165 Ald.
1114 2131 1145 2165 εἴ
1166 2126 1285 2164 πόθον
1311 2125 1393 2163 cod.
1421 2124 1520 2174 apud
1548 2122 1617 2160 Br.
1645 2135 1692 2161 ex

1004 2203 1075 2242 quo
1092 2189 1131 2228 ἐν
1148 2190 1252 2227 πάθω
1270 2188 1308 2225 in
1323 2188 1378 2225 ed.
1391 2200 1447 2237 pr.
1462 2192 1499 2224 et
1512 2190 1559 2225 εἷς·
1572 2185 1691 2224 πόθον

1001 2255 1040 2293 in
1068 2255 1152 2293 add.
1181 2255 1228 2291 ad
1246 2254 1304 2291 ed.
1332 2257 1368 2291 2.
1393 2251 1590 2302 legendum
1607 2261 1692 2288 sua»-

1003 2317 1072 2362 sit3
1111 2317 1261 2354 ezxdwe
1301 2314 1575 2353 rescribendum
1610 2325 1691 2351 sus-

1002 2382 1195 2431 picabatur
1235 2381 1554 2417 Tynwmm-rus.
1598 2380 1690 2416 325.

1002 2448 1047 2484 ω’ς·
1064 2446 1156 2493 ιῖμᾶς
1172 2444 1278 2492 μόλις·
1293 2445 1480 2496 Εὐροῦσα,
1499 2434 1597 2487 adri]
1613 2440 1691 2479 δειῖ-

1002 2524 1114 2560 τερον
1130 2506 1235 2555 μόλις·
1250 2506 1397 2556 βλέπω.
1432 2507 1546 2541 1342.
1566 2501 1689 2540 ”Ωστ’

999 2573 1038 2610 ἐν
1073 2569 1216 2617 δόμοισι
1247 2573 1349 2606 τοῖσι
1366 2570 1460 2619 ,σοῖς
1487 2565 1622 2611 στήσω
1651 2567 1688 2603 c'
1720 2620 1722 2622 r

1000 2634 1113 2683 ἄγων,
1160 2632 1302 2679 Στῆσω
1339 2632 1370 2670 δ’
1401 2629 1575 2678 ἐμαυτόν.
1620 2630 1685 2668 Tr.

1002 2702 1093 2743 809.
1121 2701 1150 2735 εἰ
1167 2696 1263 2745 θέμις
1273 2696 1319 2744 γ’,
1334 2692 1556 2747 ἐπεύχομαι·
1575 2693 1686 2741 θέμις

998 2761 1029 2801 δ’
1057 2760 1139 2800 ἐπεί
1167 2776 1229 2807 μοι
1263 2758 1335 2804 τήν
1365 2756 1465 2803 θέμιν
1493 2756 1542 2795 σι)
1570 2753 1685 2808 πραῧ-
