1864 3132
941 243 1008 291 28

260 364 340 390 esse
353 364 426 389 non
441 356 580 401 potest:
596 351 778 389 sinceram
792 348 954 399 formagm

261 415 422 462 Palladi,
441 417 571 465 pedem
590 427 721 464 nempe
750 413 954 461 Creticum,

260 481 370 519 metri
389 481 448 518 lex
468 479 626 529 respuit:
655 479 693 516 in
711 479 841 517 castris
863 479 956 530 Tro-

254 546 429 596 janorum
448 557 514 582 nec
535 556 603 580 arx
619 548 698 580 erat
714 555 859 590 summa,
887 554 953 579 nec

262 608 478 646 Palladium.
546 608 708 646 Versum
765 606 954 646 adleverat

261 672 419 721 margini
436 671 607 710 librarius
622 672 744 710 elibro
760 684 812 718 11,
831 671 955 709 Palla-

261 736 357 772 dium
402 736 509 774 caesis
555 749 695 774 summae
746 736 955 775 custodibus

262 798 373 846 arcis,
391 821 436 828 -—
453 800 601 838 Primus
632 813 678 838 ex
694 790 846 847 Poetis,
894 802 956 851 qui

262 864 370 902 hodie
394 869 536 911 extant,
570 865 781 914 Propertius
810 864 866 902 bis
893 863 955 902 vel

263 934 331 975 ter,
363 929 523 966 Ovidius
555 925 772 978 saepissime,
806 935 843 966 et
872 935 957 978 post

262 1007 349 1032 eum
368 994 432 1033 alii
448 1007 577 1032 omnes
596 987 787 1053 geminum
813 996 828 1031 i
852 1009 958 1033 usur-

263 1065 366 1110 pant.
397 1060 474 1098 Sub
493 1059 655 1110 Augusti
672 1060 813 1100 scilicet
836 1075 958 1101 senes-

263 1124 379 1162 centis
416 1129 525 1162 aetave
555 1124 712 1162 mutatio
745 1125 818 1164 ista
857 1126 959 1165 facta

265 1190 359 1228 est.”
388 1189 435 1226 R.
451 1189 496 1227 B.
525 1189 574 1227 ad
591 1189 679 1227 Ter.
696 1191 817 1229 Andr.
846 1205 899 1241 11,
935 1194 960 1241 i,

266 1259 331 1294 20.
360 1254 503 1304 nepotis
534 1255 612 1292 PR.
643 1256 690 1293 ad
720 1256 960 1310 Manilsxiii.

264 1323 302 1357 et
337 1318 514 1356 Brunckii
546 1317 651 1367 praef.
684 1320 732 1357 ad
765 1320 873 1372 Virg.
909 1323 961 1361 vi.

266 1383 561 1422 Auctoritatibus
585 1396 609 1420 a
628 1383 815 1423 Brunckio
836 1386 961 1425 allatis

265 1449 373 1494 adde,
419 1447 514 1484 Acci
554 1446 650 1484 Hor.
694 1448 747 1485 A.
780 1449 823 1486 Ρ.
869 1453 961 1488 258.

268 1511 419 1553 AEdifici
446 1510 545 1560 apud
573 1510 700 1548 Noris.
725 1511 750 1549 l.
769 1525 802 1550 c.
833 1513 964 1551 AErari

268 1576 368 1626 apud
387 1575 537 1613 Gruter.
558 1574 730 1624 Inscript.
760 1588 823 1625 pp.
839 1581 876 1614 2.
899 1575 962 1615 26.

270 1644 361 1679 214.
382 1637 474 1691 396.
493 1642 584 1676 408.
613 1637 753 1690 Afrani
770 1640 821 1676 A.
838 1640 880 1678 Ρ,
900 1644 964 1686 59.

271 1704 391 1754 Epist.
412 1715 465 1750 11,
485 1703 512 1750 i,
541 1707 606 1741 48.
634 1703 776 1741 Antoni
796 1705 914 1743 Serm.
932 1718 964 1753 1,

268 1780 309 1814 v,
328 1771 391 1804 33.
433 1766 520 1804 Juv.
542 1766 620 1804 Sat.
641 1779 686 1812 x,
724 1771 812 1806 123.
848 1768 966 1818 [Appi

271 1832 409 1869 Cic.de
422 1831 534 1869 offic.
553 1843 605 1877 11,
618 1830 697 1878 xvi,
716 1834 805 1883 11.].
826 1832 967 1882 Appuli

273 1896 369 1944 Epp.
383 1893 423 1939 ii,
442 1898 506 1931 42.
538 1893 644 1931 Cassi
659 1894 778 1934 Serm.
796 1907 828 1941 1,
842 1909 883 1943 x,
898 1895 964 1935 62.

202 1946 210 1954 “
271 1957 394 2008 (ezod.-
414 1948 495 1994 eie.
517 1957 562 1994 fr.
586 1958 695 1997 orat.
714 1959 753 1996 in
774 1954 966 2013 Clodium)

274 2021 377 2060 Clusi
412 2023 500 2059 AEn.
536 2034 582 2069 x,
631 2021 720 2067 167.
776 2023 966 2077 Congiari,

264 2083 454 2124 'Coronam'
471 2086 569 2136 apud
586 2086 714 2125 Notis.
730 2087 761 2125 1.
777 2101 811 2126 c.
838 2089 969 2128 Dauni

275 2150 407 2188 Carm.
428 2162 459 2197 1,
488 2150 568 2197 xiv,
588 2149 654 2190 26.
700 2152 876 2192 Desicleri
896 2156 966 2205 Ep.

273 2215 366 2262 xvii,
398 2209 461 2253 80.
497 2215 597 2254 Enni
621 2211 747 2256 A.'P.
778 2217 840 2257 56.
874 2223 967 2266 259.

275 2278 378 2315 Pers.
395 2278 473 2316 Sat.
492 2279 544 2325 vi,
567 2284 627 2318 10.
667 2280 808 2319 Favoni
827 2282 968 2321 Catull.

274 2343 319 2381 de
352 2343 471 2392 Nupt.
507 2345 586 2382 Pel.
623 2351 661 2383 et
693 2347 843 2386 Thetid.
876 2352 967 2387 282.

277 2407 408 2444 Carm.
428 2420 459 2454 1,
478 2408 529 2455 iv,
550 2414 583 2446 1.
630 2410 753 2448 Fluvii
776 2413 863 2449 AEn.
895 2424 969 2459 111,

277 2475 369 2516 702.
381 2471 512 2518 immo,
526 2472 561 2509 F
560 2474 655 2511 luvio
664 2475 711 2512 R.
722 2475 764 2512 P.
773 2475 922 2523 Tracts,
933 2489 969 2525 p.

278 2540 369 2581 309.
381 2535 457 2573 Gai
472 2538 586 2575 Noris
599 2538 623 2575 1.
637 2551 669 2575 c.
688 2539 831 2577 Horati
840 2540 970 2578 Carm.

281 2611 342 2644 1v‚
361 2599 414 2646 vi,
433 2604 496 2636 44.
522 2600 662 2649 Imperi
682 2614 711 2647 1,
727 2603 764 2648 ii,
792 2601 854 2642 26.
885 2604 971 2641 sen.

278 2663 436 2713 Thyest.
455 2662 545 2700 526.
565 2664 680 2713 Hipp.
701 2663 790 2703 868.
811 2667 974 2704 Pseudo-

281 2727 366 2766 Sen.
375 2727 506 2764 Phoen.
517 2726 607 2772 296.
619 2727 710 2766 661.
731 2730 870 2769 Octav.
880 2737 971 2771 483.

279 2789 370 2829 601.
402 2789 525 2841 ingeni
554 2790 684 2828 Carm.
707 2804 735 2838 1,
754 2793 805 2839 vi,
829 2798 889 2832 12.
921 2807 972 2842 11,

279 2854 384 2901 xviii,
399 2859 436 2900 9.
466 2853 552 2891 Livi
569 2855 687 2905 Epist.
710 2868 761 2904 11,
781 2857 804 2905 i,
823 2856 889 2904 62,
909 2857 973 2904 69.

1001 349 1097 387 Luci
1108 350 1221 388 Noris
1234 349 1258 388 1.
1271 363 1302 388 c.
1333 349 1456 387 Lucili
1469 349 1591 390 Serm.
1605 361 1638 398 1,
1650 363 1691 399 x,

1003 418 1040 453 2.
1065 413 1133 453 bis.
1156 412 1220 453 56.
1240 426 1293 461 11,
1311 414 1337 462 i,
1358 419 1423 459 29.
1445 419 1511 459 75.
1539 414 1696 463 Lucreti

1002 470 1254 531 PseudostSen.
1281 479 1421 517 Octav.
1451 483 1544 518 302.
1591 474 1701 517 Mari

1002 544 1173 593 Propert.
1194 556 1267 591 111,
1287 544 1341 591 ix,
1360 543 1426 582 46.
1459 543 1570 582 ‘Meti
1590 535 1640 582 A.
1655 535 1702 582 P.

1002 611 1095 651 387.
1131 607 1275 646 Minati
1307 609 1449 646 Lucan.
1480 609 1616 647 Phars.
1639 619 1702 656 vx,

1005 670 1095 710 126.
1144 672 1212 710 Sil.
1250 673 1337 710 Ital.
1374 685 1457 720 vu,
1486 672 1579 712 386.
1608 677 1703 713 523.

1003 736 1185 786 Muzuc}
1205 735 1362 774 fortasse
1388 749 1456 786 pro
1475 735 1598 780 Minci
1624 737 1705 784 (no-

1003 799 1102 837 mine
1139 797 1241 849 apud
1285 800 1478 839 Romanos
1522 792 1705 851 inaudito)

1002 865 1105 903 initio
1138 865 1228 903 MS.
1263 865 1426 903 Cantab.
1463 865 1521 904 M.
1543 865 1602 904 M.
1631 864 1707 903 Ca-

1003 931 1125 981 pellae.
1174 931 1222 968 R.
1243 931 1289 968 B.
1338 931 1492 969 Numici
1512 932 1598 970 AEn.
1620 943 1704 978 vu,

1005 1001 1097 1041 797.
1157 994 1248 1033 Orbi
1287 996 1407 1046 Epist.
1447 1008 1498 1034 11.
1534 995 1574 1042 ii,
1616 987 1705 1033 160.

1006 1058 1154 1097 Panoeti
1173 1058 1304 1096 carm.
1322 1060 1474 1106 1‚xxix,
1497 1063 1557 1097 14.
1578 1058 1707 1109 [Pom-

1001 1124 1066 1174 pei
1085 1124 1297 1175 Heusinger
1313 1125 1360 1162 ad
1380 1124 1462 1162 Cic.
1481 1125 1526 1162 de
1546 1123 1627 1162 Off.
1650 1134 1705 1168 11,

1007 1188 1088 1234 xvi,
1111 1188 1195 1225 11.*
1215 1193 1253 1227 et
1270 1188 1315 1226 fr.
1329 1194 1422 1227 orat.
1442 1202 1509 1239 pro
1525 1189 1708 1241 Scauro.].

1011 1250 1171 1300 Pompili
1201 1252 1331 1290 Carm.
1353 1266 1384 1300 1,
1413 1266 1454 1299 x,
1485 1255 1550 1290 34.
1583 1247 1710 1288 'silenti

1012 1317 1132 1355 Serm.
1154 1329 1206 1365 11,
1226 1318 1279 1365 vi,
1302 1321 1365 1356 58.
1401 1317 1515 1356 somni
1535 1317 1625 1361 AEn.
1644 1326 1708 1361 v1‚

1012 1382 1101 1423 893.
1139 1379 1313 1430 supercili
1343 1381 1460 1431 Hipp.
1480 1385 1572 1426 799.
1613 1379 1711 1416 Tar·

1011 1444 1110 1494 quini
1145 1436 1293 1494 (Carus.
1326 1459 1358 1492 1,
1395 1459 1436 1492 x,
1473 1449 1554 1496 35.)
1576 1443 1711 1495 fasces

1012 1507 1136 1546 dubito
1148 1522 1164 1552 ,·
1197 1520 1293 1547 anne
1318 1514 1474 1546 cantans
1487 1531 1543 1537 —
1556 1504 1712 1554 Withof.

1012 1572 1063 1609 ad
1096 1572 1284 1620 Disticha,
1313 1587 1349 1623 p.
1380 1577 1470 1618 517.
1508 1563 1713 1612 Sed‘Ennii

1012 1637 1058 1675 fr.
1090 1638 1283 1690 Tarquinii
1314 1651 1445 1688 corpus
1469 1636 1714 1690 bonafemina

1013 1702 1106 1740 lavit
1142 1709 1179 1741 et
1215 1702 1347 1746 unxit;
1394 1701 1490 1740 conf.
1527 1703 1614 1740 AEn.
1646 1704 1737 1747 VI,'

1016 1772 1106 1806 818.
1153 1773 1180 1791 “
1202 1767 1340 1805 Nescio
1386 1772 1514 1804 tamen
1553 1780 1603 1804 an
1649 1779 1730 1819 per,

1013 1832 1199 1884 synizesin
1226 1830 1425 1882 Tarquirg-ji,
1446 1823 1644 1882 producere
1672 1830 1717 1868 li-

1014 1902 1110 1944 ceat,
1146 1909 1234 1934 cum
1263 1896 1316 1934 sic
1341 1896 1380 1934 in
1405 1896 1604 1948 trisyllaba
1621 1908 1713 1934 voce

1014 1963 1115 2013 prior
1128 1961 1141 1999 i
1156 1974 1363 2000 consonans
1376 1961 1485 2013 fiatl’
1506 1962 1550 2000 L.
1564 1962 1715 2002 Sanoen.

1016 2030 1064 2067 ad
1085 2028 1238 2066 Hieron.
1258 2027 1367 2066 Balb.
1397 2040 1434 2077 p.
1452 2056 1462 2065 .
1482 2056 1492 2065 .
1513 2057 1522 2065 .
1551 2027 1649 2066 Vide
1666 2020 1716 2067 a‘d

1017 2106 1054 2143 p.
1073 2097 1138 2132 32.
1185 2091 1341 2131 Terenti,
1363 2092 1443 2130 Cic.
1471 2097 1509 2130 et
1526 2091 1660 2130 Caesar
1677 2090 1718 2130 in

1016 2159 1098 2196 vita
1117 2156 1264 2195 Comici
1287 2156 1385 2205 apud
1407 2149 1557 2194 Sueton.
1580 2161 1619 2194 et
1635 2157 1719 2194 An-

1002 2221 1109 2272 sshol.
1146 2220 1232 2259 Lat.
1275 2220 1496 2266 Burmanni,
1543 2233 1576 2268 1,
1623 2224 1716 2258 410.

1020 2284 1155 2336 Tyrrhi
1188 2285 1275 2322 AEn.
1307 2296 1391 2331 vn,
1419 2287 1510 2323 532.
1557 2278 1719 2348 Vengfi'ci

1019 2348 1090 2398 Ep.
1130 2358 1248 2393 XVII,
1289 2349 1352 2385 58.
1409 2345 1538 2384 Volusi
1576 2346 1718 2386 Catull.

1021 2423 1200 2458 xxxnI,
1225 2416 1258 2449 1.
1290 2423 1363 2459 xc,
1384 2416 1420 2456 7.
1450 2417 1476 2435 ‘⁴
1499 2411 1612 2458 Quod
1629 2410 1718 2450 siin

1020 2475 1135 2525 poetis
1166 2475 1238 2512 hoc
1269 2476 1403 2526 ubique
1433 2474 1603 2522 obtinuit,
1635 2474 1718 2524 quis
1781 2520 1788 2530 .

1021 2539 1163 2577 dubitet
1195 2540 1283 2591 quin
1314 2535 1413 2578 idem
1448 2538 1647 2578 obtinuerit
1679 2539 1719 2577 in

996 2652 1000 2656 ι
1019 2603 1183 2641 oratione
1202 2605 1350 2643 soluta?
1378 2603 1510 2642 Cicero
1522 2602 1646 2653 itaque
1664 2603 1719 2643 sic

1021 2680 1168 2716 semper
1180 2668 1325 2707 locutus
1343 2674 1418 2706 est:
1439 2667 1537 2718 quod
1550 2668 1719 2707 maxime

1021 2732 1284 2769 attendendum
1304 2737 1360 2770 est
1375 2731 1441 2777 eis,
1461 2731 1523 2781 qui
1542 2733 1716 2769 numerbs

1014 2796 1199 2834 oratorios
1209 2797 1361 2846 cupiunt
1372 2795 1604 2846 intelligere?
1616 2793 1718 2834 RB.

1023 2859 1070 2897 ad
1089 2860 1114 2897 1.
1134 2874 1167 2898 c.
1217 2860 1327 2898 Hanc
1347 2872 1467 2897 aureae
1489 2859 1610 2898 aetatis
1630 2857 1719 2897 'con-
