1864 3132
802 199 908 248 313

142 305 317 372 quippe
340 303 411 354 ibi
430 318 586 371 neque
606 320 937 370 eweppmav-m,
971 319 1062 353 uec
1092 318 1209 352 vero
1238 301 1423 369 absque
1443 318 1574 368 aug·

79 409 82 412 >
140 389 303 431 mento
337 382 630 449 weppwcuvw
659 379 815 429 salvis
835 379 982 429 metri
1002 379 1200 445 legibus
1221 379 1372 429 scribi
1396 386 1573 444 potest.

144 462 211 509 At
244 461 359 526 quid
392 459 566 519 obstat,
583 475 701 525 uno
734 459 892 508 minus
916 460 1198 510 utrumlibet
1230 460 1375 509 scribi
1395 456 1577 524 possit?

144 538 340 604 Nempe
377 543 606 604 Αχελωιον
646 537 687 587 si
723 537 813 585 diis
851 536 1024 601 placet.
1111 537 1294 586 Verum
1331 537 1381 585 id
1419 538 1577 601 ipsum

143 616 352 664 absurde
390 615 629 664 scribitur.
700 613 883 677 Neque
923 614 1052 662 enim
1092 612 1225 662 fluvii
1260 629 1439 662 nomen
1471 618 1580 661 erat

144 698 370 758 Αχελωιος
403 693 490 741 sed
519 693 744 758 Αχελωός,
760 684 763 686 ’
778 692 851 740 uti
880 708 943 740 ex
971 691 1211 740 sexcentis
1245 691 1375 756 apud
1408 696 1580 755 poetas

144 765 347 817 Graecos
377 767 497 817 locis
526 776 730 818 constat.
802 767 991 829 Quibus
1020 768 1203 832 ubique
1229 768 1582 833 adstipulantur

143 852 303 909 poetae
335 844 511 894 Latini.
582 848 807 912 Αχελωὶος
834 861 952 894 vero
981 852 1055 893 est
1083 845 1373 911 adjectivum
1397 861 1427 892 a
1449 844 1581 894 fluvii

144 924 343 973 nomine
379 924 655 983 formatum,
692 940 791 973 non
822 940 961 973 secus
991 930 1140 987 atque
1167 922 1431 972 Acheloius
1453 923 1582 988 apud

147 999 402 1066 Virgilium
435 999 589 1067 [Geo.
616 1018 650 1049 1.
675 1001 764 1064 9.],

277 1086 573 1153 Poculaque
593 1087 808 1138 inventis
831 1089 1067 1139 Acheloia
1087 1089 1286 1140 miscuit
1309 1089 1437 1140 uvis.

145 1176 272 1226 Cum
294 1184 458 1226 autem
480 1182 735 1244 Αχελωννον
755 1179 1041 1239 restitueriS,
1063 1201 1381 1246 eweppwavro
1401 1179 1584 1238 itidem,

145 1255 225 1304 vel
238 1262 382 1304 certe
422 1277 734 1323 weppmam-o,
780 1257 1070 1324 subjungaS‚
1106 1273 1307 1306 necesse
1343 1257 1450 1305 erit.
1519 1256 1586 1304 At

147 1333 279 1381 enim
297 1333 453 1398 fluvii
477 1351 657 1384 nomen
685 1341 913 1402 Αχελωιος
937 1336 1164 1384 videmus
1190 1334 1246 1385 in
1269 1335 1426 1384 altero
1449 1333 1592 1399 apud

150 1408 428 1459 Homerum
450 1411 685 1474 exemplo,
720 1412 815 1460 Vil.
839 1429 952 1460 xm.
981 1423 1076 1466 194.

715 1497 1010 1535 ΑΧΕΛΩΙΟΣ
1037 1488 1299 1554 ισοφαριζει·

151 1571 300 1630 atque
321 1558 529 1627 insuper
549 1564 687 1627 apud
707 1562 985 1614 Hesiodum
1006 1565 1229 1631 [Theog.
1255 1563 1408 1631 340.],

301 1645 443 1689 Φασιν
463 1662 534 1698 τε,
566 1645 710 1697 Ρησον
730 1662 779 1699 τ,
810 1650 1106 1689 ΑΧΕΛΩΙΟΝ
1130 1638 1432 1706 αρ’γυροδινην.

162 1720 191 1750 ³*
212 1719 279 1767 At
312 1719 443 1767 enim
477 1735 588 1784 quae
615 1734 712 1767 vox
732 1718 881 1784 vulgo
903 1718 1195 1768 enunciatur
1224 1741 1334 1777 ισος,
1365 1732 1589 1768 sermone
1632 1726 1724 1780 177

153 1793 417 1842 Homerico
453 1800 530 1841 est
564 1813 709 1845 warns.
795 1793 1011 1842 Proinde
1049 1793 1166 1842 vera
1201 1800 1416 1859 potestas
1453 1795 1590 1860 verbi

152 1870 446 1938 πισοφαριζει
466 1886 635 1920 verum
656 1870 824 1920 itidem
847 1869 982 1919 fluvii
1010 1887 1189 1920 nomen
1212 1877 1461 1938 Αχελωψος
1480 1889 1592 1938 pos-

154 1947 293 1997 tulat.
356 1947 491 1996 Idem
513 1947 648 2012 apud
669 1945 938 1996 Hesiodum
961 1947 1115 2013 exigit
1136 1948 1416 2013 copularum
1439 1950 1589 1999 ratio:

244 2032 387 2076 Φασιν
414 2037 502 2086 ΤΕ,
535 2032 749 2092 thncrov
774 2028 823 2084 Τ,
852 2033 1104 2093 Αχελωννον
1131 2037 1166 2077 Τ
1193 2026 1491 2094 αρ’γυροδινην.

159 2101 257 2152 Sed
292 2102 424 2151 alter
456 2118 611 2165 porro
645 2107 784 2151 extat
820 2102 959 2152 locus
1002 2102 1090 2152 ubi
1132 2109 1286 2152 metro
1316 2102 1593 2171 flagitante

159 2200 413 2251 ερρωσαιρτο
433 2178 622 2242 legitur
643 2176 726 2228 03.
749 2195 905 2229 xxm.
929 2190 971 2228 3.

162 2331 393 2383 Κᾶβησσος,
427 2331 714 2381 Σαλμύδησσος,
755 2334 854 2387 Λῦρ-
902 2335 1026 2373 utitur
1040 2334 1154 2385 arvis.
1181 2339 1218 2374 et
1237 2335 1375 2374 Seneca
1388 2323 1596 2374 Troadibus

163 2413 317 2446 νησσος,
363 2396 608 2448 Τάρτησσος,
651 2403 722 2436 etc.
803 2399 855 2437 Et
906 2403 998 2443 847.
1043 2398 1215 2448 Quasque
1237 2398 1433 2450 profundit
1466 2399 1598 2451 [perf]

161 2470 290 2502 tamen
323 2475 371 2500 ex
403 2460 478 2499 hoc
512 2469 684 2512 corrupto
723 2476 851 2502 omnes
904 2464 1090 2501 subiturus
1117 2476 1239 2514 oequor
1268 2462 1448 2513 Segnibus
1478 2470 1600 2502 terras

162 2526 237 2565 sere
259 2527 387 2565 Graeci
414 2538 504 2564 cum
532 2525 711 2565 Strabone
737 2527 854 2566 Τιτα-
906 2527 1116 2566 Titaressos
1145 2528 1264 2565 undis.
1320 2527 1448 2577 Apoll.
1475 2527 1602 2566 Rhod.

164 2591 298 2644 ρήσιον
340 2590 416 2629 fere
467 2590 620 2629 habent.
715 2590 854 2630 Melius
909 2604 941 2641 1,
958 2590 1024 2631 65.
1045 2591 1191 2632 Ἤλυθε
1221 2593 1251 2632 δ’
1281 2591 1327 2644 αὖ
1357 2591 1511 2642 Μόψος
1537 2593 1602 2630 Τι-

167 2656 342 2695 Lucanus
376 2660 513 2703 noster,
562 2666 627 2702 v1,
655 2654 749 2700 376.
777 2655 858 2694 De·
910 2655 1105 2710 ταρήσιος,
1141 2656 1178 2693 id
1213 2663 1284 2705 est,
1326 2656 1484 2706 Mopsus
1519 2657 1602 2694 α’πό

154 2719 287 2773 fendit
313 2719 522 2760 Titaressos
549 2733 663 2771 aquas
686 2721 859 2772 lamque
910 2719 1143 2774 Τιτάρησου.
1214 2719 1261 2757 11.
1291 2720 1340 2767 E,
1358 2720 1450 2764 706.
1489 2720 1603 2771 Lege,

170 2797 323 2836 superne
343 2784 507 2838 Gurgite
526 2786 640 2828 Penei
663 2798 735 2838 pro
752 2787 860 2826 siccis
914 2784 1102 2833 Αὶτόλον,
1120 2784 1326 2832 Ροινόμαόν
1344 2786 1424 2823 τε.”
1451 2783 1501 2823 R.
1518 2785 1565 2823 Β.
