1864 3132
854 213 953 263 149

183 323 336 394 'porro
380 320 472 380 cl(
498 344 598 380 non
641 344 779 378 secus
825 339 974 396 atque
1019 332 1227 383 editores
1272 331 1444 383 fefellit
1482 341 1623 383 atrox

191 408 508 469 soloecismus,
544 431 600 458 συ
633 409 864 473 τεθνηξει;
915 411 963 459 id
997 414 1129 476 quod
1157 412 1358 478 perinde
1392 421 1466 464 est
1495 431 1553 463 ac
1583 413 1622 461 si

193 485 369 535 Latine
392 487 543 535 ‘dicas
598 492 655 535 tu
696 485 935 535 morietur
945 488 999 535 ⁴⁸.

261 670 326 708 48.
365 658 572 703 Brunckius
617 665 667 704 ad
713 665 881 705 Acharn-

193 731 283 774 590.
310 729 410 767 hanc
432 730 771 780 interpretationem
788 732 884 770 acri-

190 799 248 830 ter
279 793 457 843 explodit.
535 796 590 833 At
633 795 682 842 in,
715 795 882 834 Platonis

195 855 352 906 Gorgia,
371 869 407 906 p.
421 861 516 901 290.
533 857 579 896 Β.
607 857 777 912 τεθνήξει
792 859 883 898 MS-

193 921 284 959 olim
315 921 452 972 Regius
464 938 474 969 ;
516 929 554 961 et
574 917 702 963 >Scliol.
730 926 768 963 in
786 938 886 964 mar-

195 986 291 1036 gine,
320 986 583 1040 Ἐνεργητικόν
610 988 696 1027 ἀντὶ
726 992 886 1037 παθητι-

194 1051 272 1095 κοῦ,
291 1050 362 1087 τοῦ
378 1051 613 1104 τεθνήξεται,
631 1053 885 1108 καινοπρεπός

195 1114 588 1167 παρελήφθη-ςυεῐῐι
619 1118 746 1157 laudat
781 1119 886 1157 Rou-

193 1178 292 1216 thius
321 1180 414 1218 adl.
442 1186 479 1219 et
505 1182 631 1221 Schol.
658 1183 778 1235 Lugd.
799 1185 883 1224 Bat.

194 1255 231 1293 p.
253 1248 354 1291 109„
381 1246 653 1300 τεθνηξόμενον
675 1257 829 1301 usurpat
847 1265 884 1302 p.

193 1311 263 1347 44.
307 1308 415 1347 conf.
445 1323 482 1360 p.
501 1316 592 1359 245,
621 1318 660 1352 et
688 1314 744 1353 D.
762 1315 812 1353 R.
837 1313 885 1353 ad

195 1368 298 1409 Tim.
333 1386 370 1422 p.
388 1379 480 1414 222.
535 1378 732 1418 Anti-Att.
763 1393 800 1430 p.
818 1385 885 1426 97.

197 1434 310 1480 Ζήσει
324 1450 333 1474 t
373 1438 549 1477 Πλάτων»
561 1445 755 1482 πολιτείας·
771 1443 885 1498 ἕκτᾳ,

197 1498 242 1538 οὖ
270 1498 442 1553 ζήσεται.
497 1503 599 1542 Audi
622 1505 746 1544 virum
770 1508 889 1545 erudi-

196 1563 397 1612 tissimum,
428 1565 475 1605 P.
497 1566 718 1617 Elmsleinm‚
753 1571 802 1608 ad
831 1572 890 1608 A·

197 1629 328 1669 cham.
347 1634 440 1676 590.
482 1634 690 1679 “reontio-ei
717 1634 763 1673 C.
789 1635 888 1674 Rav.

171 1704 184 1710 ⁸
197 1695 278 1734 edd.
316 1695 485 1749 τεθνήξει
519 1697 570 1737 A.
590 1697 637 1735 B.
666 1698 888 1750 Brunckius.

195 1758 296 1800 Illud
336 1759 470 1798 diserte
507 1766 656 1800 tuentur
690 1762 817 1801 Schol.
851 1768 890 1802 et

200 1825 333 1863 Suidas
377 1826 415 1863 in
462 1823 645 1873 Τεθνήση.
743 1827 887 1867 Eadem

195 1890 387 1939 scripturae
416 1890 612 1929 diversitas
639 1896 697 1929 est
724 1891 764 1929 in
782 1892 887 1930 Nub.

199 1953 314 1993 1436.
333 1955 450 2005 Vesp.
471 1954 564 1994 654.
616 1957 799 1995 Activam
815 1957 889 1996 for-

197 2033 304 2058 mam
318 2021 483 2070 superius
497 2034 535 2059 v.
547 2024 641 2059 325.
654 2026 692 2059 et
701 2020 741 2059 in
755 2021 887 2060 AEsch.

196 2086 339 2136 Agam.
356 2090 474 2125 1288.
496 2085 676 2124 indicavit
690 2087 886 2126 Dawesius

197 2148 307 2200 p.96.
321 2149 394 2200 [ed.
410 2151 473 2203 Β.]
503 2150 708 2202 Utrobique
721 2151 886 2189 mediam

197 2215 362 2254 formam
396 2215 535 2264 respuit
567 2215 742 2254 carminis
778 2216 886 2254 ratio.

199 2276 323 2316 Hodie
348 2279 447 2327 apud
465 2278 661 2317 Platonem
681 2280 719 2317 in
745 2281 890 2332 Gorgia

199 2355 237 2392 p.
255 2346 350 2382 320.
382 2342 433 2380 D.
488 2342 621 2393 legitur
653 2346 889 2397 τεθνήξεται,

198 2408 260 2446 ubi
297 2407 465 2459 τεθνήξει
510 2406 642 2446 diserte
686 2414 892 2460 agnoscunt

201 2472 428 2512 Scholiastes
460 2484 486 2510 a
511 2471 734 2511 Ruhnkenio
759 2473 890 2519 editus,

191 2542 237 2576 -et
266 2536 437 2574 Th0mas
471 2536 656 2586 Magister
684 2537 722 2574 in
755 2537 891 2584 Τεθνή-

199 2602 324 2653 ξεται.
368 2600 493 2649 >Apud
523 2600 678 2638 Suidam
707 2600 746 2638 in
779 2599 890 2640 Ἐπέ-

194 2679 309 2709 σειεν,
363 2663 497 2702 Portus
541 2664 586 2701 de
628 2676 698 2702 suo.
728 2667 889 2704 mutavit

203 2726 452 2779 τεθνήξοντος
505 2727 543 2764 in
598 2727 889 2779 τεθνηξομένοις,

200 2790 383 2831 Kusterus
414 2805 502 2831 vero
537 2798 701 2834 veterem
732 2793 889 2843 scriptu-

1105 491 1134 521 *
1158 490 1398 565 Futurqm
1451 491 1622 557 utique
1660 495 1725 546 94

935 679 1019 706 ram
1055 670 1256 707 revocavit.
1334 669 1516 722 Equidem
1552 683 1630 710 cre·

918 733 1091 771 -diderim
1125 740 1266 773 veteres
1304 736 1452 774 Atticos
1491 736 1630 775 dixisse

937 795 1118 849 τεθνήξω,
1138 798 1356 837 recentiores
1375 797 1600 851 τεθνήξομαι
1615 813 1628 839 z
1646 796 1655 855 ξ

938 861 1107 915 τεθνήξει
1134 861 1234 900 enim
1265 863 1376 901 nimis
1405 863 1531 901 Attice
1557 857 1653 901 dic-¹

939 932 1021 965 tum
1057 927 1202 966 videtur
1237 928 1403 967 Luciano
1439 928 1634 967 Soloecista

939 1005 975 1043 p.
995 996 1085 1037 570.
1124 994 1187 1045 qui
1204 993 1362 1032 alteram
1381 994 1543 1032 formam
1564 995 1632 1031 So·

938 1058 1050 1096 cratis
1112 1059 1351 1109 grammatici
1412 1057 1632 1097 auctoritate

928 1123 1150 1176 confirmat.
1199 1125 1368 1163 Eandem
1387 1123 1631 1172 mutationem

938 1186 1051 1225 subiit
1066 1186 1233 1225 futurum
1252 1187 1372 1241 ζήσω,
1406 1188 1502 1239 quod
1520 1187 1634 1225 habet

939 1256 1064 1288 noster
1099 1249 1200 1289 Plut.
1227 1250 1319 1291 263.
1364 1258 1402 1290 et
1435 1253 1475 1289 in
1506 1251 1634 1290 fabula

940 1314 1131 1364 deperdita
1146 1315 1246 1364 apud
1265 1314 1500 1353 Clementem
1519 1315 1633 1355 Alex.

939 1392 977 1429 p.
996 1383 1088 1426 751,
1108 1383 1147 1424 9.
1193 1379 1303 1418 Plato
1338 1379 1383 1417 de
1417 1380 1511 1429 Rep.
1532 1391 1572 1417 v.
1596 1392 1634 1429 p.

939 1439 1034 1479 660.
1055 1441 1106 1483 D.
1141 1447 1179 1480 et
1201 1453 1266 1480 lx.
1290 1455 1328 1491 p.
1347 1446 1439 1486 741.
1459 1441 1506 1479 C.
1563 1441 1637 1478 Re-

941 1504 1118 1541 centiores
1138 1502 1301 1556 ζήσομαι
1325 1516 1464 1554 magno
1483 1516 1635 1542 consen—

941 1580 997 1605 su.
1052 1567 1231 1621 Ἐστήξω
1258 1569 1398 1606 habent
1427 1569 1517 1607 Eur.
1549 1569 1633 1618 lph.

941 1631 1033 1670 Aul.
1048 1630 1141 1678 675.
1159 1638 1285 1671 noster
1302 1633 1396 1684 Lys.
1411 1632 1503 1671 634.
1530 1634 1635 1671 Thu·

941 1698 1028 1750 cyd.
1059 1709 1132 1736 111.
1157 1701 1223 1742 37.
1253 1702 1343 1736 102.
1371 1697 1546 1752 Xenoph.
1579 1700 1635 1735 A-

941 1764 1027 1801 nab.
1047 1775 1100 1803 11.
1118 1767 1157 1810 4,
1175 1766 1213 1801 5.
1259 1762 1370 1801 Plato
1403 1762 1564 1801 Conviv.
1593 1774 1633 1813 p.
1657 1788 1660 1815 5

946 1830 1063 1866 1205.
1082 1826 1127 1864 Ε.
1150 1826 1196 1864 de
1217 1827 1396 1876 Rep.,1x.
1415 1839 1454 1876 p.
1473 1829 1565 1870 738.
1587 1826 1634 1863 E.
1656 1818 1661 1864 ἶ

943 1893 1144 1932 Demosth.
1186 1893 1276 1932 adv.
1323 1892 1431 1942 Lept.
1466 1906 1503 1942 p.
1539 1865 1662 1954 468.{

941 1959 1178 2011 Ἕστήξεται
1215 1962 1312 1995 recte
1342 1956 1476 2007 legitur
1506 1956 1544 1994 in
1579 1969 1637 1994 se·
1661 1955 1669 2006 ἰ,

944 2024 1048 2063 nario
1083 2023 1299 2074 Hegesippi‚
1337 2023 1478 2061 infimae
1514 2022 1636 2066 aetatis
1668 2010 1673 2061 ⁴.

940 2089 1086 2136 comici,
1116 2090 1215 2138 apud
1246 2088 1387 2126 Athen.
1418 2101 1454 2137 p.
1470 2091 1561 2132 290.
1583 2086 1634 2123 D.
1670 2083 1674 2097 ‘

940 2152 1041 2191 male
1065 2153 1163 2202 apud
1188 2153 1361 2203 Xenoph.
1387 2152 1492 2190 Paed.
1514 2163 1574 2188 VI.
1595 2154 1634 2196 2,

945 2222 1009 2261 17.
1038 2217 1176 2255 venat.
1198 2222 1259 2255 10.
1277 2222 1316 2262 9.
1372 2217 1445 2255 His
1470 2217 1636 2254 conside-

941 2282 1046 2329 ratis,
1086 2282 1223 2319 accedo
1260 2282 1437 2321 Dawesio
1470 2281 1635 2319 activam

943 2346 1106 2385 formam
1138 2346 1306 2399 τεθνήξω
1337 2347 1434 2397 apud
1466 2352 1636 2384 nostrum

944 2411 1078 2461 ubique
1114 2411 1354 2449 restituenti.”
1408 2411 1557 2448 Addere
1594 2410 1639 2447 li·

944 2476 1021 2522 bet,
1037 2476 1133 2526 quod
1145 2475 1194 2513 σιὶ
1207 2475 1390 2528 τεθνήξει,
1406 2481 1446 2512 tu
1459 2475 1637 2520 moriente,

938 2539 1110 2589 >pluribus
1153 2538 1294 2576 scilicet
1332 2544 1417 2587 post
1461 2537 1638 2575 Brunckii

944 2610 1116 2654 tempora
1131 2603 1322 2652 tantillum
1341 2602 1517 2641 arriserit.
1575 2601 1639 2639 Se-

944 2669 1084 2706 cundas
1112 2668 1276 2717 profecto
1304 2667 1493 2717 praesentis
1521 2672 1558 2704 et
1580 2665 1638 2702 fu-

943 2734 1016 2772 turi
1052 2734 1191 2784 passivi
1232 2723 1422 2771 indicativi
1460 2744 1635 2782 personas

943 2809 988 2834 ne
1042 2797 1229 2843 Bentleius
1280 2790 1444 2855 quiderm
1498 2795 1636 2834 nedum
