1864 3132
855 174 956 222 515
1001 158 1003 161 ’

131 342 138 344 Π
188 275 287 325 Ubi
309 277 456 343 vulgo
479 283 648 326 contra
669 279 808 326 metri
839 278 1072 327 trochaici
1097 278 1333 326 rationem
1359 276 1622 325 exhibetur
1681 266 1685 273 ’

187 359 678 421 Κατορυχθησομεσθα.
718 400 730 404 -

188 441 412 507 AEschyl.
437 449 547 509 pag.
577 450 657 493 136
684 442 845 507 [Pers.
874 443 1023 506 231.].
1356 505 1360 511 Ι

254 538 294 579 Ω
315 538 454 598 φιλοι,
483 541 597 598 ΠΟΥ
617 554 699 583 τας
722 536 893 589 Αθηνας
915 539 1055 598 φασιν
1077 529 1275 597 ἱδρυσθαι
1304 535 1461 598 χθονος
1478 530 1556 589 3²¹⁷

184 620 369 670 Eadem
393 620 556 668 itidem
579 621 828 669 curatione
851 621 1039 687 indiget
1062 637 1226 670 versus
1249 631 1326 668 45.

350 723 626 774 Πλανωμεθα
655 717 869 784 {ry-rouvre
903 742 1046 767 τοπον
1079 741 1367 784 απραγμονα,

353 796 573 843 ΟΠΟΥ218
605 793 911 861 καθιδρυθεντε
939 793 1216 858 διαγενοιμεθ
1245 818 1311 843 αν.

186 892 233 940 h.
259 908 301 939 e.
344 891 490 956 juxta
513 894 753 941 eruditum
778 894 1092 957 interpretem
1113 913 1125 942 ;
1180 891 1433 941 Erramus
1455 893 1619 940 locum

181 970 540 1035 investigantes
560 971 749 1035 negotii
768 987 1002 1029 vacuum,
1039 971 1122 1019 ubi
1138 977 1431 1034 perpetuam
1455 971 1620 1018 sedem

167 1047 415 1110 figamus.
487 1047 648 1114 Vulgo
683 1048 853 1112 utique
888 1048 1095 1096 habetur
1128 1053 1262 1097 Οπσι,
1335 1047 1435 1097 Pro
1470 1045 1622 1111 διαγε-

185 1125 328 1180 vome&
348 1130 509 1171 autem
536 1124 696 1171 malim
721 1121 1006 1187 δια-γινοιμεθ.

242 1211 282 1253 ,ἦε
297 1209 354 1256 V.
380 1221 449 1258 48.
506 1216 648 1260 Ειπου
685 1234 895 1270 τοιαυτην
928 1210 1015 1271 ωδε
1049 1220 1180 1261 πολιν
1214 1213 1240 1280 ᾗ
1274 1211 1517 1274 πεπτατο]

184 1298 397 1361 Exponit
418 1299 493 1347 vir
514 1302 762 1350 eruditus:
814 1300 985 1349 Sicubi
1021 1301 1174 1350 talem
1202 1301 1395 1350 ‘noverit
1429 1300 1619 1359 urbem,

185 1393 282 1442 qua
321 1383 508 1439 pateat.
580 1377 750 1441 Atqui,
797 1383 852 1424 ut
884 1378 991 1424 haec
1048 1379 1291 1425 senten-tia
1341 1379 1619 1435 haberetur,

185 1453 400 1517 oportuit
417 1459 549 1499 certe
573 1474 820 1518 πεπταται.
876 1451 974 1498 Sed
991 1468 1053 1499 ne
1072 1452 1184 1499 huic
1203 1453 1396 1515 quidem
1417 1452 1620 1499 similem

185 1529 417 1593 loquendi
441 1529 678 1581 rationem
711 1544 914 1591 usquam
938 1529 1227 1592 reppereris.
1298 1529 1621 1578 Scribendum

187 1620 304 1654 vero
343 1606 543 1653 omnino
583 1605 774 1653 Videtur
813 1607 840 1672 ᾗ
881 1614 1139 1652 ΠΕΠΤΕΤΟ
1185 1606 1232 1653 h.
1269 1621 1311 1653 e.
1352 1626 1623 1664 ἐπεπτετος

188 1681 605 1743 interpretandum
628 1688 790 1728 autem
812 1700 831 1730 :⁷
863 1680 1036 1728 Sicubi
1057 1681 1289 1739 locorum,
1327 1699 1435 1747 quse
1457 1699 1623 1747 super·

187 1756 434 1814 volaverit,
481 1757 630 1805 talem
671 1755 846 1804 urbem
888 1757 1093 1805 noverit.
1166 1758 1378 1806 Verbum
1427 1761 1622 1824 quidem

188 1831 297 1881 οιδεν
331 1834 615 1897 neutiquam
651 1834 1022 1898 improbandum
1059 1835 1212 1892 duco;
1250 1843 1300 1883 at
1323 1837 1434 1885 novi
1457 1843 1621 1884 tamen

187 1909 393 1958 alterum
418 1926 538 1958 sono
562 1927 706 1975 quam
730 1909 1037 1969 simillimum,
1079 1914 1209 1978 quod
1247 1914 1293 1961 ei
1323 1913 1464 1961 facile
1495 1930 1621 1977 prae-

187 1987 414 2048 tulerim3
450 1996 606 2038 totum
640 1998 803 2039 autem
832 2007 1022 2039 versum
1046 1992 1115 2039 sic
1138 1994 1618 2056 repraesentaverim:

360 2082 496 2127 Ειπου
529 2101 738 2136 ‘rotam-nv
773 2088 905 2126 ΕΙΔΕ
939 2086 1071 2127 πολιν
1103 2080 1131 2147 ᾖ
1165 2089 1439 2127 ΠΕΠΤΕΤΟ.

191 2164 361 2214 Sicubi
392 2166 542 2217 talem
574 2166 746 2215 urbem
779 2166 1026 2216 viderit.‘²¹⁹
1093 2165 1304 2231 Utrique
1332 2173 1494 2238 autem
1520 2182 1645 2240 mus

192 2298 244 2337 R.
274 2297 320 2336 Ρ.
356 2298 405 2335 ad
440 2297 467 2335 l.
508 2278 880 2350 xavopbxnedpecfla
989 2300 1080 2335 218.
1108 2296 1205 2334 ὅπου
1230 2296 1349 2335 Schol.
1379 2295 1430 2333 R.
1446 2295 1495 2334 P.
1524 2290 1624 2346 apud

190 2363 326 2402 maluit
344 2361 540 2399 Elmsleius
555 2360 688 2409 (class.
707 2359 879 2416 Journal,
935 2361 983 2399 P.
1000 2360 1047 2397 P.
1064 2360 1119 2398 D.
1293 2416 1296 2417 ⁷

190 2426 270 2466 No.
300 2438 400 2474 xvl,
431 2439 470 2475 p.
499 2426 606 2472 439).
634 2424 880 2475 Videsupra
988 2430 1080 2469 219.
1110 2431 1135 2448 “
1156 2425 1235 2462 Hic
1256 2426 1367 2464 etiam
1377 2427 1532 2479 facetia
1553 2426 1624 2464 Co-

190 2504 229 2541 p.
249 2495 342 2535 347.
370 2496 408 2527 et
424 2489 520 2526 infra
538 2497 576 2538 ρ.
596 2492 688 2527 323.
933 2490 1020 2528 mici
1048 2490 1266 2532 Dawesium
1295 2491 1420 2530 latuit.
1470 2491 1623 2530 Versum
1642 2512 1645 2518 ‹

246 2558 339 2598 217.
369 2551 508 2605 Corgfer
517 2551 693 2601 Sophocl.
708 2551 879 2590 Trachin.
935 2558 1055 2590 autem
1099 2554 1152 2591 sic
1180 2554 1405 2592 scribendum
1441 2554 1622 2602 suspicor,

192 2616 257 2656 68.
279 2616 336 2655 R.
356 2617 403 2654 P.
431 2617 479 2655 ad
509 2615 558 2653 R.
578 2612 634 2653 D.
670 2615 790 2655 Locus
807 2621 877 2663 est,
928 2617 1057 2655 Ἐιπου
1093 2634 1274 2664 rotam-nv
1317 2618 1393 2657 οιὲε
1430 2625 1551 2663 πολιν,
1598 2634 1622 2664 η

194 2682 254 2720 καὶ
265 2683 339 2720 ποῦ
348 2683 463 2723 κλύεις
475 2700 539 2731 νιν,
553 2679 695 2729 τέκνον,
712 2675 877 2735 ἴδρῦσθαι
931 2680 1141 2720 'areta-avo.
1199 2682 1324 2737 Sicubi
1352 2682 1467 2720 talem
1492 2681 1623 2718 urbem

195 2745 362 2801 χθονόςς
712 2754 714 2756 “
805 2754 807 2757 ·
936 2739 1091 2794 noverit,
1122 2738 1218 2798 Vni.
1239 2743 1480 2782 advolaverit.
1528 2741 1624 2780 Tra-

1231 2813 1255 2846 3
1278 2821 1306 2846 x

1659 1221 1755 1272 294
