1864 3132
836 226 903 273 33

157 329 172 351 6
189 341 250 365 και
271 337 331 374 ,ετ
364 325 607 364 emendatione
645 321 852 361 Casauboni

160 396 172 415 ‘
191 390 314 441 recepi
326 406 342 434 ‚·
369 391 409 428 in
427 390 544 428 altero
559 405 671 439 μονον
701 388 852 435 inserui,

159 461 172 480 ‘
194 461 268 493 tam
280 468 386 494 sensu
397 468 503 505 quam
511 459 625 492 metro
631 453 854 503 postulante.

159 525 171 543 ‘
194 518 272 556 Per
298 537 413 568 μονον
441 525 560 557 autem
591 518 762 565 vocalem,
788 528 855 554 nec

160 587 172 606 ‘
188 583 677 633 simpliciternominandam
686 589 727 621 ut
734 586 855 628 sonat,

160 653 172 672 6
191 659 271 684 cum
289 646 526 694 Casaubono‚
551 660 664 697 neque
676 653 858 695 μονοσυλ-

163 716 175 736 6
192 711 319 760 λαβον
353 724 433 749 cum
470 712 646 750 Dawesio
678 711 856 761 intelligo,

161 782 174 802 6
193 777 259 814 sed
275 777 411 823 solam,
438 790 503 827 per
520 791 559 815 se
575 776 857 814 enunciandam.

161 846 173 866 ‘
194 842 244 879 In
261 843 488 880 recensendis
505 843 646 880 scilicet
660 841 857 888 vocalibus,

163 912 175 930 6
196 920 475 957 unamquamque
507 907 699 958 sigillatim
730 912 768 944 et
790 920 861 957 per

163 976 175 994 6
194 984 234 1007 se
267 971 484 1020 efferendam
529 984 605 1009 esse
648 976 768 1008 monet
798 971 861 1021 qui

163 1038 175 1059 ‘
195 1033 371 1083 loquitur,
391 1034 552 1085 quisquis
566 1035 629 1072 ille
647 1040 714 1072 est.
759 1034 862 1072 Nam

164 1101 176 1119 ‘
197 1097 288 1134 duos
305 1097 363 1134 hic
380 1097 479 1148 loqui
496 1097 582 1135 milti
598 1098 716 1136 minus
732 1099 864 1148 proba-

163 1165 175 1183 ‘
197 1160 266 1197 bile
294 1160 463 1198 videtur:
502 1162 660 1212 adeoque
691 1162 730 1199 in
756 1175 792 1200 v.
824 1167 863 1201 3.

163 1229 176 1249 ⁴
186 1237 259 1274 pro
267 1232 379 1277 φησω
392 1226 545 1263 libenter
553 1226 709 1277 legerem
716 1234 862 1279 φησεις,

165 1292 178 1311 ‘
198 1288 326 1330 vel,8ic
343 1295 437 1341 φημι
458 1307 519 1328 σοι
539 1307 590 1328 το
607 1307 646 1331 τ.

165 1425 178 1444 6
199 1419 469 1457 Observandum
500 1425 556 1458 est
585 1426 720 1468 autem,
748 1422 863 1459 locum

167 1488 179 1507 ‘
197 1483 303 1529 hunc,
349 1488 391 1520 ut
428 1484 475 1521 ab
509 1484 696 1521 Athenaeo
729 1497 866 1533 reproe-

167 1551 179 1570 ‘
199 1550 381 1593 sentatur,
405 1547 455 1583 ad
482 1547 648 1584 Dawesii
675 1559 868 1598 argumen-

167 1616 180 1635 ⁴
200 1615 278 1648 tum
304 1622 404 1660 oeque
417 1610 555 1663 facere
583 1623 626 1648 ac
654 1611 720 1648 illa
747 1606 827 1661 quoe
843 1624 867 1649 a

169 1679 181 1698 6
201 1673 425 1712 Casaubono
487 1674 713 1723 interpolata
770 1680 866 1713 sunt.

169 1743 182 1762 6
205 1737 312 1775 Unde
342 1738 538 1775 verisimile
556 1739 615 1787 fit
647 1739 866 1779 Dawesium

169 1805 181 1825 ‘
202 1800 428 1839 Casaubono
437 1813 563 1840 secure
570 1802 676 1840 nimis
672 1804 867 1854 fidentem,

169 1872 181 1892 ‘
203 1856 432 1904 Athenaeum
450 1865 566 1915 ipsam
589 1879 662 1904 non
678 1867 772 1905 satis
788 1868 871 1906 dili-

169 1938 182 1957 ‘
199 1937 333 1983 genter
351 1931 560 1980 inspexisse.
602 1931 712 1976 Quod
726 1946 813 1972 sane
830 1934 870 1972 in

171 2002 183 2022 6
203 1997 342 2034 homine
361 1995 503 2034 Critico
520 2009 591 2034 non
602 1997 719 2045 probo
735 2011 748 2034 .·
779 1998 868 2046 Qui,

173 2066 185 2086 6
206 2060 349 2110 opinor,
377 2073 489 2110 neque
521 2059 599 2109 ipse
632 2061 726 2098 ullas
760 2062 871 2099 etiam

173 2130 185 2148 6
205 2123 584 2162 summorumvirorum
592 2125 868 2173 emendationes,

175 2193 186 2213 ‘
207 2198 297 2238 quas
315 2193 461 2235 vocant,
488 2187 546 2225 ita
563 2188 732 2237 amplecti
752 2189 870 2236 debet,

175 2259 188 2277 6
208 2259 251 2291 ut
260 2254 338 2291 -non
354 2266 416 2291 eas
434 2254 484 2291 ad
500 2254 686 2304 antiquam
712 2255 872 2293 locorum

176 2325 188 2342 6
208 2317 429 2366 scripturam
462 2317 602 2369 exigat,
636 2331 749 2368 neque
786 2320 872 2357 aliis

177 2388 188 2406 6
208 2382 368 2428 tradere,
403 2382 474 2420 nisi
508 2395 588 2420 cum
613 2384 774 2434 antiquis
803 2386 874 2423 lec-

178 2453 189 2471 ‘
211 2447 369 2484 tionibus
386 2446 494 2484 simul
520 2447 739 2496 descriptis!
778 2449 874 2487 Bur-

180 2512 359 2562 gessius.”
411 2525 450 2549 v.
485 2510 594 2549 6.—
608 2511 716 2551 ἐτη-α’
740 2514 790 2552 »δ’
834 2514 874 2554 ἐν

179 2575 331 2629 μέτροις
349 2574 473 2624 μόνον.
495 2576 730 2622 Recte3Ter.
745 2577 872 2616 Maur.

180 2652 216 2688 p.
236 2643 300 2677 22.
336 2639 363 2677 l.
383 2644 421 2677 4.
466 2639 633 2677 Literam
662 2646 812 2691 namque
840 2642 873 2679 E

180 2702 340 2740 videmus
358 2716 434 2741 esse
453 2704 503 2741 ad
516 2702 630 2742 Ἠτα
644 2705 874 2753 proximam.

182 2765 289 2804 Sicut
301 2765 340 2803 Ο
357 2772 394 2804 et
411 2768 448 2805 Ω
463 2767 632 2805 videntur
647 2781 724 2806 esse
742 2769 875 2807 vicinae

183 2829 251 2868 sim
261 2845 272 2876 ;
283 2830 513 2881 Temporum
520 2836 712 2871 momenta
723 2831 877 2880 distant,

900 338 975 364 non
992 326 1073 364 soni
1089 324 1265 365 nativitas
1278 325 1447 365 2—Hinc
1463 327 1497 365 E
1515 326 1596 379 qui-

902 390 987 427 dem
1014 391 1083 438 EI,
1131 390 1169 429 Ο
1194 396 1319 440 autem
1339 380 1424 430 ὈΥ
1453 397 1596 429 veteres

902 454 1114 492 nominasse
1130 454 1275 493 discant
1289 455 1412 505 puexi3
1441 455 1597 492 Achoeus

903 518 1002 566 apud
1037 519 1176 557 Athen.
1207 531 1273 567 XI,
1303 517 1394 557 466.
1431 520 1492 566 Ε.,
1522 517 1600 567 epi-

905 582 1060 633 graphae
1088 583 1132 621 ΙΙ.
1154 585 1186 621 Ε
1204 590 1242 622 et
1260 584 1312 632 Ο,
1345 597 1598 635 (μιεεεοι-ιιω

904 660 1058 695 annum,
1090 654 1132 686 ut
1154 650 1327 695 arbitror,
1364 649 1600 695 antecedunt,

904 718 942 750 et
959 712 1183 750 Plutarchus
1201 714 1240 750 in
1266 713 1391 751 libello
1418 714 1503 768 περὶ
1531 710 1602 752 τοῦ

906 778 941 815 Ε
975 778 1047 815 τοῦ
1075 778 1116 816 ἐν
1149 778 1317 829 Δελφοῖς
1363 792 1430 817 nos
1470 780 1601 818 eadem

905 842 1048 879 docent.
1098 841 1363 892 Fragmentum
1401 843 1493 882 Lex.
1532 846 1602 884 Gr.

906 906 1005 956 apud
1023 905 1231 943 Hermann.
1261 906 1305 943 de
1326 907 1361 945 G
1366 920 1501 945 ramm.
1532 909 1603 947 Gr.

907 983 944 1020 p.
961 973 1052 1008 320.
1082 970 1228 1007 Πάντες
1256 973 1292 1007 οἱ
1307 971 1490 1025 Ἀρχαιοι
1517 971 1603 1010 dae-n

909 1051 979 1072 ΤΟΙΙ
997 1051 1020 1071 0
1040 1050 1238 1087 G‘roaxeeov
1267 1052 1323 1087 ‘rm
1351 1037 1394 1072 Οὔ
1411 1035 1602 1089 ἐχρῶντο,

908 1097 995 1136 α’ντι
1027 1097 1068 1136 δε
1094 1114 1166 1136 του
1193 1099 1213 1135 ἔ
1241 1115 1296 1151 τω
1325 1117 1370 1139 ει.
1402 1116 1461 1136 και
1487 1100 1600 1145 δῆλον

911 1163 979 1200 κάκ
1008 1179 1077 1199 του
1104 1163 1123 1200 ἓ
1149 1179 1220 1199 του
1247 1162 1286 1200 ἐν
1320 1163 1490 1214 Δελφοῖς
1518 1162 1604 1201 ἀντι

911 1227 982 1264 τοῦ
1008 1226 1040 1264 ἑῖ
1062 1226 1365 1275 λαμβανομένου.
1418 1228 1605 1266 Ausonius»=

911 1290 959 1327 ad
970 1290 1188 1329 Paulinum:
1218 1291 1306 1329 Una
1308 1291 1397 1343 fuit
1414 1293 1605 1342 quondam,

911 1368 982 1405 qua
1000 1355 1215 1405 respondere
1239 1355 1420 1404 Lacones,
1450 1356 1604 1403 Littera,

911 1425 949 1455 et
975 1420 1073 1457 irato
1101 1421 1182 1471 regi
1205 1422 1378 1470 placuere
1400 1428 1605 1472 negantes;

911 1483 1008 1520 conf.
1027 1483 1165 1521 Valck.
1183 1485 1232 1521 ad
1249 1485 1430 1523 Atloniaz.
1459 1499 1495 1535 p.
1514 1485 1606 1525 262.

914 1549 1080 1592 Iterum3
1109 1548 1146 1585 Ω
1165 1548 1262 1597 quod
1285 1556 1321 1585 et
1340 1548 1413 1586 ΟΥ
1434 1549 1607 1588 Graecum

914 1615 1119 1661 compensat
1127 1610 1285 1649 Romula
1294 1623 1365 1649 vox
1373 1612 1424 1650 O.
1433 1613 1606 1663 Nigidius

914 1675 1072 1713 nimium
1106 1674 1332 1713 truculentus
1375 1675 1415 1713 in
1449 1676 1606 1716 Graeeos

915 1740 1066 1786 exarsit,
1073 1739 1218 1777 dictans
1226 1740 1324 1790 apud
1332 1740 1383 1777 A.
1396 1740 1496 1779 Gell.
1507 1754 1536 1779 x
1542 1754 1557 1779 1
1564 1755 1608 1788 x,

916 1804 1008 1851 xiv„
1027 1808 1054 1827 “
1069 1803 1223 1841 Graecos
1238 1817 1310 1841 non
1325 1809 1439 1843 tanta·
1451 1805 1608 1844 inscitiae

917 1881 1075 1915 arcesso,
1094 1868 1157 1920 qui
1176 1868 1250 1907 ΟΥ
1265 1881 1311 1907 ex
1331 1869 1368 1908 Ο
1387 1874 1424 1906 et
1440 1869 1474 1907 Υ
1493 1870 1611 1920 scrip-

917 1938 1056 1980 serunt,
1083 1938 1226 1983 quantae
1254 1933 1317 1984 qui
1337 1934 1393 1972 EI
1408 1947 1454 1973 ex
1474 1935 1507 1972 E
1524 1941 1562 1973 et
1579 1936 1609 1973 Ι.

917 1995 1020 2032 Illud
1046 1995 1138 2032 enim
1164 1995 1289 2045 inopia
1301 1996 1480 2048 fecerunt
1492 2013 1507 2041 ;
1537 1999 1609 2037 hoc

917 2060 1022 2098 nulla
1038 2073 1076 2097 re
1104 2061 1284 2101 subacti.”
1328 2062 1521 2101 Nimimm
1547 2077 1612 2102 no-

918 2137 1005 2162 men
1033 2123 1108 2162 ΟΥ
1138 2123 1359 2175 indiderunt,
1396 2131 1438 2163 ut
1466 2125 1558 2163 illud
1587 2139 1612 2163 a

918 2188 1040 2227 vocali
1070 2188 1186 2238 longa
1218 2189 1504 2239 distinguerent3
1546 2191 1610 2228 sed

919 2255 953 2292 E
970 2253 1215 2291 nominabant
1236 2253 1304 2300 EI,
1332 2260 1375 2292 ut
1401 2268 1511 2292 sonus
1540 2256 1613 2294 τοῦ

919 2320 1037 2364 lin-a,
1066 2330 1177 2368 quem
1203 2318 1369 2359 medium
1395 2318 1491 2356 inter
1513 2319 1548 2357 E
1575 2326 1612 2359 et

909 2375 1023 2419 'H-ra
1030 2386 1202 2430 occupat,
1208 2381 1365 2420 dilucide
1374 2383 1613 2422 efferatur.—

919 2445 1076 2483 Nudam
1089 2457 1178 2482 vero
1189 2451 1410 2495 potestatem
1423 2448 1611 2486 vocalium

920 2511 955 2548 Υ
966 2510 1047 2547 etQ
1059 2521 1125 2558 pro
1138 2510 1349 2549 nominibus
1362 2510 1474 2549 fuisse
1487 2518 1614 2551 monet

921 2573 1076 2611 Platoin
1084 2572 1255 2624 Cratylo,
1265 2586 1294 2612 1.
1302 2587 1339 2624 p.
1348 2578 1439 2619 393.
1450 2575 1503 2622 D,
1511 2576 1612 2622 Efl.

923 2639 977 2678 St.
993 2639 1126 2689 Apage
1139 2651 1226 2689 ergo
1241 2639 1316 2678 ista
1327 2639 1479 2678 inficeta
1488 2640 1615 2679 saeculi

921 2702 1054 2740 decimi
1105 2708 1142 2741 et
1192 2703 1313 2754 quarti
1362 2704 1618 2742 additamenta

921 2768 1064 2821 μῖκρόν,
1092 2768 1216 2817 ψῖλδν
1247 2773 1285 2806 et
1309 2767 1420 2816 μέγα,
1453 2781 1536 2818 quae
1564 2767 1618 2803 in-

923 2836 1075 2871 cautam
1098 2832 1333 2882 juventutem
1377 2833 1416 2869 in
1456 2843 1617 2870 errorem
