1864 3132
255 258 334 298 614
517 271 734 299 AnnmmA
766 272 818 299 m·
848 273 1144 301 conmomuu
1175 274 1235 300 an
1265 273 1421 309 nous.

363 359 588 398 immortal.‘’
624 361 648 398 l.
670 365 713 405 7.·
735 366 758 384 “
776 360 832 411 p.”
863 365 950 407 591.
997 361 1428 401 ΜΝΗΜΟΣΥΝΗΝΔ
1449 357 1680 398 ΘΝΗΤΟὙ

363 423 636 462 ΣΩΜΑΤΟΣ
656 426 984 472 ΑΘΑΝΑΤΟΝ.
1014 426 1325 465 ΑΘΑΝΑΤΗΝ
1352 424 1518 463 Visconti
1537 437 1573 474 p.
1592 420 1684 474 146.

259 491 349 525 220.
378 488 446 525 col.
465 493 502 527 2.
530 490 555 526 l.
576 494 612 527 2.
641 495 662 512 “
686 489 796 528 161.”
824 490 911 529 MS.
932 491 1042 529 Harl.
1081 491 1139 530 καὶ
1165 492 1235 538 τήν
1258 492 1324 538 μὲν
1348 489 1489 543 ἡμέραν
1512 492 1548 528 οἷ
1569 486 1679 527 κοινοὶ

364 550 528 599 λέγουσι·
560 556 595 591 οἱ
612 553 764 592 α’ττικοὶ
783 554 861 603 ἕως,
893 557 1040 595 οἱ·ἰ’ωνες
1057 555 1140 603 ἥων
1170 559 1205 594 οἱ
1222 556 1357 610 δωριεῖς·
1374 555 1460 612 ἅῳς·
1492 557 1528 594 οἱ
1546 558 1682 592 αἲολεΐο

364 616 471 655 αὕως.
519 618 577 655 καὶ
612 620 800 666 μελισσῶν
834 619 1041 666 μελισσέων
1072 623 1255 669 μελισσᾶν
1290 618 1513 668 μελισσάων.
1567 622 1593 641 “
1617 616 1678 654 Sic

362 680 578 729 Ὀδυσσειῗς,
623 696 732 734 quem
770 683 968 724 Οὗδυσσέα
1003 684 1143 722 faciunt
1180 684 1341 723 AEoles.”
1387 682 1543 729 Quintil.
1562 694 1595 729 1,
1630 681 1682 719 iv.

365 746 564 798 συμφώνου
583 746 623 786 δὲ
640 747 935 802 προστιθεμένου
953 749 1136 788 οὐδέποτε
1155 747 1405 802 προστιθέασι
1421 750 1470 786 τὸ
1488 748 1508 784 ὖ
1521 747 1680 784 Αἰολεῗτ·

365 811 416 849 τὸ
433 811 508 864 *γάρ
529 813 638 851 νόσος
659 815 802 852 νοῦσος·
840 813 898 852 καὶ
908 813 1106 861 ”Ολυμπος
1126 814 1328 862 Οὕλυμπος
1346 810 1524 860 ποιητικά
1540 815 1610 849 εἶσι
1624 807 1683 847 καὶ

365 876 428 912 οὔκ
450 876 621 916 Αἷολικά.
671 877 797 915 Schol.
824 878 872 916 ad
899 878 1012 916 Dion.
1031 878 1170 916 Thrac.
1190 891 1226 927 p.
1247 876 1336 917 806.
1362 878 1389 917 l.
1409 877 1475 915 ult.
1504 875 1620 923 adde„
1639 876 1682 913 In

364 940 436 977 hac
451 941 639 979 vocalium
654 943 860 980 recensione
875 943 908 980 Υ
923 942 1130 980 addititiam
1151 955 1230 980 esse
1249 942 1440 981 existimat
1450 939 1684 979 Bouhierius.

366 1004 476 1056 Legit
493 1019 591 1056 ergo,
620 1007 671 1054 A,
691 1007 739 1054 E,
761 1007 791 1054 I,
811 1006 862 1054 O,
887 1007 957 1058 [U]
980 1010 1076 1055 (nam
1096 1008 1148 1052 H,
1168 1007 1214 1054 Υ,
1233 1012 1268 1044 et
1290 1007 1340 1045 O.
1355 1012 1486 1057 postea
1503 1009 1605 1057 evm).

256 1075 349 1110 222.
379 1071 418 1109 in
436 1077 539 1109 textu
557 1073 581 1109 l.
601 1075 743 1122 penult.
772 1073 961 1127 α’ρχαιοὶῆε
989 1074 1089 1112 *non
1116 1073 1284 1127 Ἀχαιοὶ,
1315 1075 1403 1112 MS.
1422 1074 1522 1124 Epit.

256 1138 349 1175 223.
376 1150 414 1174 n.
441 1141 465 1159 “
483 1135 571 1174 48.''
598 1137 703 1183 adde,
733 1143 770 1176 et
787 1139 843 1190 τῷ
860 1145 896 1176 εἲ
909 1141 1020 1177 ambo
1038 1140 1194 1178 codices.
1224 1142 1248 1178 l.
1266 1145 1305 1177 4.
1335 1140 1389 1191 τῷ
1409 1141 1451 1176 οὗ
1470 1138 1507 1176 α’.
1527 1139 1615 1175 MS.
1632 1139 1683 1175 A.

366 1201 391 1237 l.
410 1197 449 1238 6.
478 1199 537 1237 διά
554 1201 626 1237 τοῦ
643 1202 685 1238 οὗ
701 1202 815 1249 μόνον
833 1200 1036 1255 γράφουσι.
1065 1202 1336 1256 παραπλησίως
1356 1202 1395 1240 δέ
1412 1200 1470 1239 καὶ
1486 1201 1536 1239 τό
1549 1207 1581 1239 εἶ
1593 1200 1684 1254 γρά-

365 1269 499 1315 φουσιν
519 1264 608 1301 MS.
628 1265 678 1302 A.

256 1330 349 1365 224.
379 1330 450 1365 col.
472 1332 506 1364 1.
534 1330 561 1366 l.
579 1331 648 1367 ult.
678 1328 806 1366 Schol.
827 1329 987 1366 adNub.
1006 1329 1032 1367 l.
1051 1343 1084 1367 e.
1111 1329 1365 1383 ι“Σ«.ι·1ι“φόραι,
1383 1332 1417 1367 οἱ
1435 1334 1552 1377 σῖγμα
1577 1327 1687 1378 (forte

364 1393 524 1442 στίγμα)
551 1389 709 1445 ἔχοντες
728 1393 811 1446 περὶ
830 1394 901 1430 τόν
917 1392 1050 1447 μηρόν.
1098 1394 1174 1432 Καὶ
1193 1393 1252 1432 διοῖ
1270 1395 1340 1431 τοῦ
1358 1399 1394 1441 μ’
1412 1393 1470 1431 καὶ
1487 1394 1526 1432 π’
1543 1394 1687 1445 γράφε-

366 1472 444 1494 ται.
498 1455 645 1506 Stigma
678 1456 777 1494 enim
812 1470 886 1494 non
921 1463 1000 1496 erat
1035 1457 1164 1509 Sigma
1194 1459 1258 1496 sed
1284 1458 1398 1509 Sanpi
1422 1457 1502 1510 33¹
1546 1457 1686 1508 Raper-

369 1520 479 1558 Conf.
499 1522 641 1559 Athen.
664 1534 729 1567 XI,
749 1521 839 1566 467.
861 1523 906 1560 B.

257 1582 350 1623 226.
380 1586 450 1623 col.
474 1590 507 1622 1.
537 1588 562 1624 l.
586 1591 620 1623 1.
650 1591 676 1608 “
693 1587 823 1637 Etym.
844 1587 922 1624 M.”
949 1591 1041 1633 479.
1070 1588 1095 1626 l.
1115 1587 1180 1627 46.

259 1653 350 1696 230,
369 1654 460 1688 231.
491 1650 633 1688 Eadem
654 1650 728 1688 fere
746 1652 921 1690 exhibent
940 1652 1065 1691 Schol.
1084 1654 1130 1691 ad
1151 1654 1309 1704 Dionys.
1321 1646 1459 1691 Thiae.
1478 1666 1539 1703 pp.
1553 1657 1687 1699 777-

370 1718 422 1759 77
423 1718 462 1759 9.
490 1727 571 1765 quae
588 1715 740 1753 demum
759 1717 904 1754 utendas
912 1718 959 1754 ab
978 1718 1100 1756 amico
1118 1717 1255 1768 accepi.

263 1784 355 1819 234.
383 1781 452 1818 col.
474 1784 508 1816 1.
539 1782 564 1818 l.
583 1784 620 1818 3.
650 1780 735 1831 [sed
755 1781 1067 1821 ΡΕΛΕΝΙΤΩΝ
1090 1782 1228 1820 ΕεΙεΙιὲἰ
1252 1783 1291 1820 in
1313 1783 1428 1820 doctr.
1458 1796 1560 1821 num.
1590 1783 1636 1821 T.
1655 1796 1687 1822 1.

368 1844 457 1882 Vol.
479 1855 529 1881 11.
559 1858 595 1894 p.
616 1849 707 1887 227.
765 1845 871 1883 Fides
906 1834 1067 1895 profesto
1096 1847 1229 1897 exigua
1260 1847 1410 1885 Goltzio
1434 1848 1606 1886 habenda.
1633 1855 1691 1888 est

366 1909 511 1946 nemine
532 1908 564 1946 ei
584 1909 808 1960 accedente]
837 1912 907 1947 col.
928 1915 966 1949 2.
995 1912 1020 1948 l.
1043 1915 1105 1956 19.
1135 1911 1266 1959 insere,
1294 1917 1331 1950 et
1350 1913 1388 1950 N
1407 1912 1571 1961 finalem,

261 1976 354 2012 235.
384 1974 453 2011 col.
471 1977 508 2011 2.
538 1972 562 2009 l.
585 1977 647 2011 13.
676 1975 860 2020 membra,

260 2042 352 2076 248.
381 2038 451 2074 col.
472 2042 507 2074 1.
537 2038 560 2074 l.
581 2041 617 2074 4.
663 2038 760 2075 Vide
793 2037 842 2074 R.
859 2037 905 2075 P.
934 2039 982 2075 ad
1011 2041 1088 2076 Av.
1117 2042 1209 2082 372.
1256 2041 1282 2075 l.
1302 2043 1366 2076 24.
1396 2039 1492 2077 Vide
1518 2039 1686 2078 Martial.

370 2102 498 2151 Epigr.
518 2113 585 2147 1x,
613 2101 691 2138 xiv.

262 2164 353 2204 260.
381 2165 419 2201 in
437 2169 542 2201 textu
561 2165 585 2201 l.
606 2169 641 2202 2.
671 2165 720 2214 [1‚
741 2168 778 2202 5.
807 2165 864 2202 ed.
883 2165 1070 2217 Hudson]

261 2228 353 2268 268.
383 2231 452 2266 col.
475 2233 510 2264 1.
538 2228 562 2265 l.
582 2232 648 2272 29.
676 2240 772 2266 corr.
791 2229 855 2266 sed
872 2229 910 2266 in
927 2229 1062 2267 tabulis

260 2291 352 2336 269.
382 2292 450 2330 col.
472 2295 510 2328 2.
539 2292 564 2328 l.
588 2289 647 2330 16.
677 2304 773 2329 corr.
794 2293 996 2343 Longinus,
1015 2299 1051 2331 et
1070 2293 1287 2335 Cleomedes
1305 2297 1343 2334 in
1359 2297 1514 2337 Meoeor.
1530 2310 1582 2348 11,
1599 2306 1686 2347 92.:

262 2360 353 2400 272.
382 2357 451 2393 col.
474 2360 507 2392 1.
537 2357 559 2393 l.
581 2360 644 2394 23.
676 2355 842 2408 Ἴφικλος
864 2358 976 2395 Diod.
999 2358 1072 2396 Sic.
1094 2370 1157 2406 IV,
1179 2364 1243 2398 33.

262 2423 353 2463 275.
382 2421 449 2457 col.
468 2424 506 2458 2.
535 2422 558 2457 l.
580 2424 640 2457 10.
670 2433 766 2462 corr.
786 2422 965 2472 liquidum

262 2489 355 2528 277.
384 2486 452 2522 col.
471 2488 508 2522 2.
536 2487 562 2522 l.
581 2488 645 2522 32.
674 2498 770 2524 corr.
789 2487 1068 2536 sapientioribus

264 2553 355 2587 282.
384 2548 422 2586 in
440 2553 544 2586 textu
561 2552 585 2588 l.
604 2547 642 2587 6.
671 2563 722 2587 m.
742 2553 985 2605 evrt'fieov‘roc*
1004 2554 1284 2608 *ὖποῤῥέοντος
1304 2557 1354 2601 D,
1370 2557 1412 2603 F,
1425 2557 1481 2603 T;
1508 2557 1561 2595 Sic
1581 2557 1626 2605 C,
1645 2558 1685 2597 H

370 2618 407 2651 et
423 2613 518 2650 inter
534 2612 559 2651 l.
580 2615 890 2667 παρερχομένου;
920 2617 1075 2654 eandem
1097 2617 1210 2655 habet
1229 2618 1259 2665 Ι,
1290 2625 1326 2656 et
1351 2619 1446 2657 inter
1473 2619 1498 2657 l.
1527 2620 1688 2676 ὑποτρέ-

368 2691 526 2732 χοντος·
561 2675 817 2731 α’ποῤῥὲοντος
844 2680 877 2716 E
905 2692 992 2717 cum
1020 2681 1169 2731 interpr.
1194 2684 1297 2720 κατά
1311 2683 1683 2737 μίκροντρέχοντος.

369 2746 439 2781 col.
460 2747 497 2780 2.
527 2742 550 2780 l.
569 2742 636 2779 ult.
665 2755 761 2781 corr.
779 2761 819 2791 μ.
839 2762 883 2793 «γε
900 2749 937 2800 ῥ.

262 2814 352 2848 283.
382 2813 451 2848 col.
476 2815 509 2847 1.
538 2813 563 2848 l.
584 2814 620 2848 8.
648 2823 740 2848 unus
768 2811 876 2850 Harl.
897 2814 944 2851 T.
972 2816 996 2853 l.
1021 2820 1082 2863 10,
1103 2820 1162 2854 11.
1207 2817 1376 2865 rescribe,
1409 2816 1563 2856 Barocc.
1593 2821 1685 2862 127.

366 2876 438 2914 duo
458 2876 568 2915 Harl.
585 2877 637 2926 H,
659 2877 689 2926 1,
708 2884 744 2917 et
761 2879 842 2918 cod.
866 2879 967 2918 Leid.
