1864 3132
959 195 1066 246 202

288 301 322 323 “
343 295 502 346 solent
545 297 677 346 inter
717 298 841 346 duas
885 299 1079 349 vocales
1120 300 1344 368 ejusdem
1390 301 1616 352 dictionis
1665 302 1740 352 di·
1788 360 1798 369 .

286 377 537 461 “gamma
558 391 778 441 ponere;
820 393 942 442 quos
966 379 1015 427 in
1041 379 1203 429 multis
1226 397 1315 429 nos
1346 382 1571 448 [quoque
1592 381 1706 431 MS.
1708 380 1753 446 ]·

284 453 602 517 “sequimur,
637 459 764 502 ΟΡΙΣ
787 455 909 514 ovis,
946 461 1134 506 ΔΑΡΟΣ
1158 455 1357 518 Davus,
1394 464 1546 507 ΩΡΟΝ
1571 463 1733 508 ovum.

284 531 486 580 “Unde
522 532 574 580 in
610 533 931 585 Nominativo
968 541 1166 601 quoque
1201 538 1348 604 hujus
1383 539 1594 588 nominis
1627 532 1736 588 illos

282 614 316 634 “
339 610 603 674 sequimur.
675 610 811 660 Nam
851 620 901 661 et
941 613 1108 662 AEoles
1144 621 1194 662 et
1233 614 1393 665 Dores
1433 618 1526 678 βως
1552 617 1737 666 vdicunt

282 687 316 707 “
337 700 428 748 pro
466 688 590 746 βους,
636 710 685 735 ου
721 688 1028 755 dipthongon
1069 689 1119 737 in
1156 695 1198 738 Ο
1233 690 1432 757 longam
1459 699 1732 759 *vel-tentes.

281 765 314 785 “
338 761 403 810 Et
443 765 575 827 quod
610 764 704 813 hoc
738 781 906 814 verum
944 772 1032 824 est,
1081 760 1347 816 ostendunt
1381 769 1737 836 epigrammata

281 845 315 864 ‘⁶
337 842 675 901 vetustissima,
724 858 834 906 quae
877 843 1031 904 literis
1073 844 1422 907 antiquissimis
1463 845 1645 909 scripta
1682 845 1734 894 in

147 922 243 980 117
282 922 314 942 ‘⁶
339 919 500 978 multis
547 920 816 984 tripodibus
861 921 977 986 legi,
1037 927 1088 968 et
1133 921 1342 970 maxime
1389 923 1418 953 *
1443 922 1496 970 in
1542 921 1736 987 tripode

280 1000 314 1020 ‘⁶
337 996 592 1060 Apollinis,
636 997 722 1061 qui
756 1004 836 1046 sest
875 997 1303 1063 Constantinopoli
1342 999 1394 1047 in
1436 998 1547 1048 loco
1587 1003 1734 1062 quem

278 1077 313 1098 ‘⁴'
337 1078 607 1140 Ξηρολοφυν
629 1080 855 1130 „vocant”

276 1156 325 1198 et
353 1148 515 1198 Genit.
551 1149 613 1217 [f.
634 1157 705 1199 63.
728 1147 956 1215 b=709.]

905 1074 976 1124 Id.
1003 1074 1114 1124 Lib.
1142 1093 1212 1125 VI.
1242 1074 1362 1141 Cap.
1389 1077 1450 1126 de
1472 1075 1733 1126 Nominat.-

356 1236 448 1285 His
494 1238 782 1285 testimoniis
828 1238 976 1304 adjici
1019 1244 1182 1301 potest
1219 1244 1276 1286 -et
1321 1238 1440 1286 illud
1484 1238 1731 1308 Varronis,

277 1318 311 1340 “
335 1313 560 1379 Tempus
584 1317 851 1363 secundum
886 1314 993 1374 Ver,

277 1397 312 1418 “
329 1392 575 1457 virgulta,
618 1409 677 1440 ac
709 1400 903 1441 vertere
938 1410 990 1441 se
1026 1399 1222 1457 tempus
1261 1394 1419 1452 anni;

277 1474 311 1495 “
333 1470 479 1518 Iones
526 1468 696 1519 dicunt
743 1470 948 1519 BHP²3.'’

332 1629 398 1664 23.
430 1629 454 1648 “
476 1625 521 1662 In
539 1622 896 1673 verborumorigine
914 1623 977 1660 de-

275 1690 445 1732 ducenda
480 1691 541 1728 vel
574 1690 654 1740 ipse
697 1689 834 1734 Varro,
885 1687 974 1729 dum

273 1761 408 1795 acutus
438 1755 555 1793 videri
587 1754 720 1801 voluit,
738 1754 976 1804 ,quandoque

272 1820 452 1859 ridiculus
485 1821 638 1860 evasit.’'
693 1826 718 1843 ‘⁶
739 1819 887 1865 Certe,'’
922 1819 976 1855 in-

272 1887 357 1937 ·quit
394 1887 669 1931 Bmsumus,
716 1884 790 1922 “si
823 1884 861 1920 in
897 1883 976 1921 ulla

271 1949 488 1988 eruditionis
508 1954 624 1999 parte,
642 1949 679 1986 in
698 1949 770 1987 hae
788 1948 974 1998 praecipue

274 2017 356 2055 τῶν
378 2015 647 2064 ἐτυμολογιῶν,
672 2027 765 2064 opus
784 2019 840 2052 est
858 2013 975 2052 solido

274 2087 314 2121 et
347 2083 502 2120 subacto
531 2080 673 2131 judicio
708 2080 906 2131 [acerrimo
939 2085 976 2118 et

275 2147 528 2186 sincerissimo
555 2146 696 2197 judicio
732 2145 782 2184 R.
809 2145 856 2184 B.
885 2146 976 2183 Ber-

274 2213 407 2259 ηανᾱο,
427 2225 463 2262 p.
486 2210 615 2264 169.]:
663 2225 735 2263 quo
770 2212 832 2264 qui
867 2212 976 2250 desti-

272 2282 442 2323 tuuntur,
461 2274 679 2326 turpissime
693 2289 731 2314 se
750 2276 840 2314 dare
856 2275 975 2314 solent

275 2346 315 2379 et
359 2339 575 2378 deridendos
621 2339 828 2390 propinare.
917 2340 975 2377 Ea

274 2407 377 2455 enim
402 2413 459 2444 est
487 2405 627 2444 indoles
653 2406 865 2457 linguarum
886 2405 975 2445 Ori-

274 2473 472 2519 entalium,
501 2477 543 2510 ut
570 2473 602 2511 si
629 2475 711 2522 (pro
733 2485 836 2511 more
854 2472 975 2511 homi-

275 2552 382 2586 num,
410 2538 473 2589 qui
498 2538 536 2575 in
554 2550 598 2575 ea
616 2550 654 2575 re
673 2538 782 2576 hodie
805 2538 974 2576 lauream

273 2606 462 2656 quaerunt)
508 2602 697 2641 vocalium
740 2603 845 2641 nulla
878 2603 974 2642 ratio

275 2670 470 2715 habeatur,
516 2669 802 2707 consonantium
847 2675 973 2707 autem

232 2750 234 2753 ’
276 2734 501 2788 permutatio
545 2739 628 2772 tam
678 2734 859 2784 patienter
909 2734 975 2772 ad—

277 2803 461 2847 mittatur,
493 2799 638 2850 quidvis
669 2812 717 2838 ex
748 2799 880 2851 quovis
912 2812 975 2850 po-

1023 1317 1155 1380 quod
1178 1323 1281 1364 tum
1305 1317 1468 1365 virere
1490 1316 1756 1381 incipiunt.

1474 1394 1567 1442 nisi
1603 1393 1735 1467 quod

1034 1464 1115 1519 De
1151 1469 1211 1519 L.
1238 1468 1299 1520 L.
1329 1487 1455 1536 pag.
1481 1482 1552 1522 45.
1589 1462 1727 1522 Edit.

1029 1597 1118 1660 terit
1151 1622 1296 1669 deduci,
1342 1627 1379 1661 et
1415 1628 1496 1666 lma
1531 1625 1731 1664 verborum

1033 1689 1260 1727 Graecorum
1289 1689 1482 1739 suppellex
1506 1702 1555 1729 ex
1578 1690 1732 1731 Oriente

1030 1754 1228 1803 deportari.
1279 1754 1474 1804 Superiore
1492 1755 1632 1794 saeculo
1651 1755 1732 1794 Go-

1029 1820 1157 1868 ropius
1173 1818 1355 1866 Remum,
1373 1820 1432 1856 vir
1445 1819 1582 1870 alioqui
1597 1821 1729 1861 doetus

1029 1890 1066 1922 et
1099 1883 1245 1934 ingenio
1280 1897 1353 1923 non
1396 1884 1556 1936 vulgari,
1601 1885 1730 1924 omnia

1029 1946 1166 1997 linguae
1189 1948 1334 1986 Ebraeae
1357 1950 1544 1988 vocabula
1565 1963 1615 2002 ex
1634 1951 1730 1989 Bra.-

1030 2012 1188 2052 banticis
1217 2014 1395 2052 deducere
1422 2028 1620 2066 aggressus
1646 2022 1729 2057 est:

1029 2079 1097 2116 vix
1131 2080 1253 2130 magis
1290 2080 1456 2128 insanus,
1507 2094 1623 2132 quam
1666 2082 1728 2133 qui

1029 2144 1139 2183 hodie
1167 2145 1292 2183 omnia
1324 2152 1454 2185 nostra
1486 2158 1534 2185 ex
1569 2147 1728 2196 Ebraeis,

1029 2215 1152 2258 petere
1169 2215 1362 2256 conantur,
1391 2202 1622 2251 febriculosis
1643 2225 1730 2251 con-

1022 2275 1178 2325 jecturis
1202 2281 1239 2313 et
1261 2275 1434 2314 inanibus
1458 2276 1727 2327 suspicionibus

1028 2339 1123 2378 freti.
1197 2340 1309 2379 Hanc
1347 2346 1387 2379 tu
1419 2347 1461 2379 ut
1495 2341 1725 2393 ingeniorum

1029 2411 1172 2455 pestem
1209 2405 1343 2456 fugias,
1387 2411 1518 2444 auctor
1551 2406 1618 2445 tibi
1651 2418 1726 2445 ero.

1030 2471 1170 2510 Nullus
1214 2472 1314 2510 enim
1369 2471 1497 2510 solidae
1547 2471 1725 2510 doctrinae

1028 2537 1184 2584 fructus,
1212 2537 1317 2576 nulla
1343 2536 1442 2587 apud
1466 2536 1639 2576 cordatos
1660 2537 1727 2575 ho-

1027 2604 1147 2641 mines
1176 2603 1294 2654 gloria
1320 2601 1511 2652 provenire
1540 2602 1627 2641 hinc
1660 2615 1725 2654 po-

1028 2670 1127 2708 terit.
1183 2669 1390 2720 Nunquam
1417 2668 1529 2719 igitur
1556 2669 1622 2706 tibi
1642 2669 1726 2708 dix-

1029 2745 1105 2779 ero,
1139 2733 1233 2770 unde
1268 2731 1379 2770 Sileni
1409 2737 1475 2770 aut
1507 2731 1635 2783 Satyri
1660 2732 1724 2771 ad·

1030 2798 1158 2849 pellati
1172 2798 1262 2836 sinti
1292 2802 1343 2846 at,
1358 2796 1454 2847 quod
1468 2796 1576 2849 longe
1589 2796 1721 2836 melius
