1786 3178
707 291 982 326 PRAEFA'rm.
999 312 1002 313 ν
1512 288 1573 321 XV

140 396 189 436 et
213 387 438 452 perutilia
458 387 581 451 stylo
604 388 877 450 perspicuo,
914 385 1129 450 simplici,
1166 384 1318 432 nitido
1348 380 1572 429 evolvit*

141 478 239 526 Sed
270 476 662 524 HEMSTERHUSH
703 473 938 520 rationem
977 472 1238 537 Originum
1272 470 1575 523 Graecarum,

142 564 316 628 quibus
340 562 612 609 redundant
634 560 723 608 v'iri
746 559 1007 632 doctissimi
1031 565 1177 615 notae,
1208 563 1258 604 et
1280 555 1416 620 quasi
1439 560 1579 601 extra

114 651 270 714 ,ripas
315 648 552 706 diffluunt,
606 645 993 711 praetereundam
1038 643 1240 690 omnino
1285 640 1399 688 mihi
1446 639 1577 686 duxi.

144 739 221 786 Ab
255 737 378 784 illius
413 737 599 800 placitis
635 736 685 782 in
725 735 816 781 hac
851 750 904 781 re
940 747 1127 780 summa
1157 748 1266 778 cum
1307 730 1582 778 reverentia

143 826 367 873 abscedo.
439 825 492 871 Si
516 824 630 871 mihi
653 823 788 886 loqui
822 823 980 880 liceat,
1023 837 1202 868 ΝοΜΕΝ
1243 820 1426 879 (utrum
1467 816 1582 865 sub-

146 911 436 968 stantivum,
471 927 533 958 an
557 908 869 973 adjectivum,
905 915 959 956 ut
980 908 1133 965 aiunt,
1171 907 1235 955 nil
1262 924 1370 954 mea
1393 907 1583 970 refert),

147 1007 203 1048 ut
218 1000 315 1057 alii,
339 1015 444 1046 esse
461 998 681 1046 radicem
698 998 917 1054 dixerim,
942 997 1071 1043 unde
1089 997 1239 1042 densa
1256 995 1337 1042 illa
1353 994 1585 1042 orationis

148 1085 266 1133 silva
300 1085 554 1142 succrevit,
589 1091 639 1131 et
678 1084 756 1130 cui
791 1083 1023 1131 succinne
1064 1082 1177 1129 satis
1211 1082 1322 1129 laeta
1359 1081 1442 1128 illa
1474 1097 1586 1144 pro-

149 1173 382 1237 paginum
408 1171 596 1219 soboles
621 1171 837 1218 revocari
860 1177 1077 1234 possunt.
1094 1169 1127 1230 †
1197 1168 1448 1234 Cogitanti
1471 1184 1588 1215 sane

151 1260 316 1317 cuivis,
342 1275 486 1323 quam
510 1258 722 1306 fecunda
744 1258 805 1305 sit
829 1258 1078 1305 nominum
1103 1256 1342 1314 materies,
1373 1255 1589 1302 suboria-

151 1356 231 1396 tur
253 1346 465 1410 suspicio
486 1361 630 1393 voces
653 1361 923 1410 sensusque
945 1345 1025 1392 illo
1049 1343 1166 1401 solO,
1191 1344 1228 1390 si
1256 1343 1414 1391 minus
1440 1343 1591 1390 ambi-

151 1422 287 1492 tiose,
310 1435 440 1481 nude
463 1434 619 1481 saltim
642 1450 699 1481 ac
722 1434 877 1497 probe
905 1440 1080 1481 notare
1116 1433 1331 1497 potuisse
1368 1448 1591 1480 crescens

154 1515 403 1569 hominum
425 1538 597 1586 genus.
668 1521 792 1568 Haec
828 1522 1064 1568 sermonis
1100 1521 1240 1585 origo
1275 1520 1392 1583 ipsis
1428 1518 1593 1565 mundi

156 1607 396 1655 natalibus
436 1607 635 1669 aequalis
669 1607 869 1652 humani
899 1607 1095 1670 generis
1125 1606 1336 1670 genitori
1368 1606 1594 1653 divinitus

156 1691 505 1755 πρωτοπλάστῳ
554 1690 648 1737 fuit
685 1690 913 1738 divinitus
969 1689 1158 1739 infusa:
1212 1690 1320 1738 vide
1369 1688 1493 1738 Gen.
1538 1706 1591 1737 11.

163 1788 227 1836 19,
264 1787 335 1824 20.
414 1774 510 1823 Est
549 1777 766 1840 quadam
803 1777 1007 1838 prodire
1051 1783 1226 1824 tenus:
1244 1775 1594 1839 -Nunquam

156 1864 282 1911 hanc
327 1863 443 1911 mihi
489 1863 632 1910 fidem
689 1864 966 1928 extorqueri
1015 1864 1183 1911 sinam.
1272 1864 1323 1910 Si
1370 1864 1477 1926 quis
1521 1863 1595 1910 lit-

156 1956 368 1998 terarum
420 1965 565 2013 supra
616 1950 860 1997 hominem
913 1951 1167 2014 perspicax
1208 1951 1378 2015 vigore
1422 1949 1597 1997 mentis

213 2127 236 2149 ¹*
256 2125 345 2163 Non
383 2139 536 2175 possum
566 2138 640 2163 non
671 2127 854 2164 recordari

158 2203 234 2241 qua
268 2191 452 2229 modestia
502 2205 609 2230 suam
657 2192 855 2230 editionem

159 2255 248 2293 viris
275 2256 426 2294 eruditis
450 2256 694 2306 judicandam
724 2270 855 2307 propo-

161 2319 296 2358 suerit:
343 2326 366 2343 “
389 2321 562 2359 Fortasse
581 2334 670 2359 vero
689 2335 857 2359 nonnun-

163 2396 277 2434 quam
294 2384 440 2422 incaute
453 2386 565 2423 nimis
577 2393 613 2424 et
630 2387 856 2434 festinanter,

163 2454 205 2484 ut
215 2448 378 2497 juvenis,
407 2461 433 2486 a
449 2449 539 2487 viris
559 2450 667 2500 longe
684 2451 856 2489 doctiori-

162 2512 231 2551 bus
250 2511 447 2549 dissentio:
479 2513 609 2562 quibus
637 2514 720 2551 haec
747 2515 857 2552 Anti-

162 2573 263 2611 lochi
288 2574 404 2611 verba
438 2586 500 2611 me
527 2583 705 2613 excusent
740 2576 855 2613 velim

164 2637 229 2687 [Il.
247 2639 303 2686 ψ,
323 2638 444 2688 587.],
468 2637 647 2692 Ἀνσχεο
666 2641 734 2677 νῦν·
764 2647 858 2677 πολ-

164 2702 231 2739 λόν
246 2702 322 2755 γάρ
339 2700 458 2749 ἔγωγε
478 2701 656 2755 νεώτερος
671 2710 739 2752 εἶμι
754 2706 856 2751 Σεῖο,

163 2764 263 2818 ἅναξ
292 2766 479 2812 Μενέλαε,
519 2767 566 2803 σύ
597 2767 636 2805 δὲ
672 2768 859 2822 πρότερος

168 2829 228 2867 καὶ
246 2831 389 2882 α’ρείων.
408 2829 532 2877 Οἶσθζ
547 2829 616 2870 οἶαι
637 2833 716 2871 νέου
729 2833 861 2887 α’νὸρδς

167 2893 401 2946 ’ὑπερβασίαι
418 2896 629 2935 τελέθουσι·
670 2898 863 2949 Κραιπνό-

910 2143 1021 2179 τερος
1043 2128 1111 2175 μέν
1128 2127 1203 2179 γάρ
1223 2142 1268 2165 τε
1289 2125 1382 2172 νόος,
1413 2126 1542 2171 λεπτή
1562 2125 1601 2163 δέ

909 2207 954 2228 τε
971 2191 1117 2237 μῆτις.”

951 2256 974 2296 †
983 2260 1007 2276 “
1027 2254 1066 2292 Si
1077 2254 1344 2304 grammaticos
1357 2253 1474 2299 audis,
1486 2253 1602 2290 κόπος

909 2332 934 2355 a
965 2320 1110 2356 κόπτω·
1157 2318 1211 2356 ita
1246 2318 1395 2370 quidem
1429 2319 1549 2356 τύπος
1580 2332 1604 2355 a

910 2383 1057 2421 τύπτω.
1096 2384 1180 2421 Imo
1197 2396 1301 2431 vero,
1321 2383 1417 2434 quod
1436 2396 1526 2433 pace
1544 2396 1605 2421 eo-

910 2461 995 2486 rum
1022 2449 1163 2486 dictum
1191 2449 1253 2495 sit,
1284 2447 1398 2486 κόπος
1421 2455 1478 2486 est
1495 2448 1603 2486 radix

910 2514 988 2552 sive
1022 2514 1163 2560 thema,
1204 2518 1246 2551 ut
1279 2513 1414 2560 τόπος,
1452 2512 1603 2565 ψόφος,

911 2578 1034 2625 δόλος,
1052 2578 1179 2629 φόνος,
1208 2577 1355 2629 ὃνόφος,
1384 2575 1506 2631 κόρος,
1535 2575 1606 2614 «πό-

909 2644 986 2688 θος,
1003 2643 1134 2690 μόγος,
1154 2642 1295 2687 κλόνος,
1312 2640 1444 2692 λόφος,
1479 2640 1605 2687 θόλος,

911 2705 1045 2758 λόχος,
1082 2711 1119 2742 et
1155 2704 1230 2741 alia
1265 2704 1422 2742 multa.”
1476 2703 1528 2742 R.
1563 2703 1605 2740 B.

914 2769 1121 2816 Rern-ardo,
1150 2783 1187 2819 p.
1210 2773 1297 2813 159.
1345 2768 1453 2806 Conf.
1477 2767 1604 2808 Valck.

915 2833 962 2870 ad
982 2834 1164 2872 Ammon.
1200 2847 1237 2883 p.
1257 2838 1348 2873 211.
1393 2839 1431 2871 et
1457 2833 1504 2869 ad
1535 2831 1605 2869 Ph.

917 2901 1009 2941 397.
