1864 3132
832 244 939 295 219-

160 363 499 427 praetermissa
528 361 695 430 suem
735 363 880 413 litera
919 365 1001 414 vel
1034 375 1068 414 Υ
1100 363 1181 414 vel
1219 361 1358 428 Van&
1380 361 1499 411 ‘cum'
1522 372 1602 410 'ex

166 440 270 504 ipso
297 446 478 490 ΑΡΥΤΟ
496 440 612 489 Ζηεε
634 439 699 488 sit
720 441 910 490 clarius
931 442 985 490 in
1013 431 1280 508 usu⁷atquc
1301 434 1376 490 ἅιῖ
1395 438 1601 489 manum

166 518 194 548 ³*
205 524 389 581 proesto
407 515 579 582 fuisse
597 516 832 580 figuram
851 516 1203 580 majusculam,
1239 534 1336 583 qua
1365 515 1598 579 designa-
1642 521 1731 573 127

161 600 304 643 retur
336 592 577 641 utriusvis
607 599 830 656 potestas
849 593 875 641 ,⁷
941 594 1103 642 Causa
1132 612 1248 644 vero
1275 594 1601 651 satislidonea

162 671 429 737 excogitari
462 678 639 734 potest,
681 687 770 719 cur
803 678 979 720 neutra
1012 673 1214 720 istorum
1253 671 1600 722 verborum-in

161 750 259 798 fine
289 751 630 814 conspiciatur.
701 751 986 815 Eodemque
1023 752 1222 817 negotio
1253 752 1301 799 id
1335 751 1507 814 ipsum,
1528 749 1596 796 -in

162 842 261 890 quo
297 827 576 889 praestando
615 826 695 873 hic
738 827 1037 891 potissimum
1082 843 1346 884 versamur,
1391 825 1596 891 figuram

163 903 347 950 scilicet
389 909 426 951 Ρ
456 902 762 951 AEolensium
802 904 950 952 fuisse
989 903 1253 968 propriam,
1280 907 1595 950 =momentum

161 979 341 1027 acvim
365 980 496 1028 haud
517 980 672 1028 levem
701 981 962 1045 accipiet.⁴¹
1037 979 1294 1043 Inscriptio
1324 978 1493 1041 utique
1525 985 1601 1025 est

162 1056 380 1115 AEolica;
433 1058 561 1106 valet
594 1065 757 1106 autem
796 1064 979 1106 AFYTO
1022 1067 1156 1105 ΛΙΘΟ
1193 1073 1298 1106 non,
1322 1055 1427 1120 jam
1469 1059 1597 1101 ΑΡΥ·

160 1142 272 1180 ΤΟΥ
307 1143 496 1192 Aleon,
538 1151 630 1183 nec
665 1151 781 1183 vero
811 1140 1041 1183 ΑΡΥΤΟΡ-
1061 1139 1244 1190 ΛΙΘΟΡ,
1287 1132 1372 1180 sed
1400 1130 1598 1178 tertium

158 1208 287 1257 istud
322 1215 502 1267 ΑΡΥΤΩ
538 1213 728 1277 4169.st
797 1212 998 1276 Nempe
1030 1211 1194 1259 AEoles
1228 1210 1278 1258 in
1315 1208 1412 1256 fine
1435 1207 1599 1256 'Geni-

159 1285 382 1344 tivorum,
430 1288 501 1335 uti
536 1295 586 1336 et
619 1289 752 1347 alias,
794 1300 830 1336 Ω
862 1306 954 1354 pro
988 1286 1597 1337 caeterorum'Graecorum

163 1369 251 1407 OW
292 1362 510 1423 posuisse
568 1365 811 1412 neminem
869 1365 1016 1428 paulo
1073 1364 1406 1412 humaniorem
1462 1362 1594 1409 latet.

122 1455 135 1463 ·
162 1434 391 1504 Vocalem
416 1445 595 1492 sautem
639 1450 676 1487 O
721 1442 853 1503 apud
895 1448 1085 1488 veteres
1131 1441 1348 1498 Graecos,
1395 1440 1598 1503 perinde

162 1519 311 1576 atque
349 1522 630 1564 constanter
663 1519 795 1580 apud
840 1518 1058 1576 Latinos,
1106 1524 1204 1565 tam
1249 1518 1411 1583 longae
1451 1533 1596 1581 quam

160 1588 320 1637 b'revis
344 1590 499 1638 officio
529 1591 670 1658 fungi
705 1593 892 1640 solitam
928 1600 1145 1648 testatur,
1180 1593 1308 1640 inter
1338 1593 1432 1640 alia
1467 1593 1599 1640 haud

160 1679 332 1727 pauca,
357 1666 606 1731 inscriptio
630 1668 790 1733 Sigea.
863 1669 938 1717 Ibi
963 1669 1131 1732 utique
1154 1684 1242 1732 pro
1267 1677 1429 1726 ΚΑΓΩ,
1462 1677 1600 1715 ΕΔΩ-

166 1751 260 1798 ΚΑ,
305 1752 513 1800 ΠΑΣΧΩ,
565 1753 872 1802 ΗΑΙΣΩΠΟΣ,
928 1751 1126 1793 exarata
1169 1744 1385 1792 videmus
1431 1752 1599 1801 KAro,

163 1826 376 1875 ΕΔΟΚΑ,
424 1828 634 1877 ΠΑΣΧΟ,
676 1828 986 1868 ΗΑΙΣΟΠΟΣ.
1059 1820 1202 1880 Quod
1225 1827 1388 1867 autem
1415 1819 1466 1867 in
1497 1818 1600 1866 De-

160 1892 283 1941 liaca
320 1893 502 1959 legitur
541 1905 661 1954 EMI,
702 1912 800 1944 non
837 1897 944 1962 jam
985 1907 1126 1956 EIMI,
1173 1898 1242 1946 uti
1278 1897 1474 1946 voluere
1508 1896 1600 1945 viri

161 1969 352 2026 eruditi,
394 1971 480 2018 sed
514 1980 623 2018 HMI
658 1972 798 2020 valet.
874 1973 1064 2038 Quippe
1098 1989 1186 2037 pro
1221 1972 1596 2022 recentiorum‘¹3

162 2054 203 2092 H
242 2046 521 2095 scribebant
558 2055 748 2097 veteres
794 2060 828 2096 E
846 2069 860 2107 3
916 2066 1005 2113 pro
1052 2059 1106 2097 EI
1150 2066 1266 2098 vero
1307 2066 1404 2097 non
1444 2049 1592 2097 item:

163 2122 294 2183 quod
337 2128 599 2187 utrumque
644 2125 855 2172 ostendit
908 2126 1075 2172 eadem
1127 2125 1379 2189 inscriptio
1429 2124 1593 2190 Sigea.

163 2193 222 2241 In
246 2211 306 2242 ea
327 2197 510 2246 scilicet
535 2215 624 2263 pro
659 2210 1099 2259 HPOKONHEIOW,
1136 2210 1415 2258 KPATHPA,
1453 2210 1596 2247 ΗΗΘ-
1656 2242 1659 2244 ,

163 2280 309 2329 MON,
352 2276 572 2323 MNHMA
609 2283 700 2326 ξπ.
755 2284 1170 2342 repraesentantur
1207 2286 1593 2335 ΠΡΟΚΟΝΕΣΙΟ,

162 2356 434 2406 KPATEPA,
474 2358 734 2410 HEeMON,
776 2363 1018 2411 MNEMA3
1072 2370 1181 2401 cum
1216 2360 1377 2400 tamen
1417 2353 1594 2401 ibidem

162 2424 346 2491 syllaba
386 2436 439 2472 ΕΙ
485 2426 535 2473 in
576 2427 682 2491 ipso
720 2429 869 2478 verbo
914 2440 1054 2488 EIMI,
1102 2430 1173 2478 uti
1214 2437 1263 2478 et
1301 2431 1351 2478 in
1390 2440 1595 2478 ΠΡΥΤΑ-

161 2504 387 2550 *NEION
424 2509 475 2550 et
509 2513 723 2553 ΣΙΓΕΙΕΣ
760 2506 888 2555 clare
923 2513 1068 2555 extet.
1144 2507 1242 2555 Aut
1281 2507 1425 2555 etiam
1466 2506 1592 2553 forte
1636 2529 1724 2569 128

213 2695 280 2728 41.
319 2692 403 2731 vid.
442 2692 491 2730 R.
507 2692 570 2729 ·D.
605 2692 644 2730 iu
679 2694 850 2743 Append.
959 2700 1023 2734 42.
1065 2695 1150 2734 Vid.
1186 2693 1237 2732 R.
1259 2693 1314 2731 D.
1349 2694 1387 2730 in
1422 2692 1593 2741 Append.

163 2769 199 2804 p.
224 2756 312 2793 18*.
348 2758 403 2809 τῷ
420 2757 456 2794 Ω
477 2759 661 2810 στοιχείῳ
678 2757 762 2796 ἀντὶ
781 2760 850 2805 τῆς
904 2773 940 2809 p.
963 2760 1055 2804 19*-

165 2818 239 2856 ΟΥ
264 2818 463 2871 διφθόγγου
488 2821 648 2875 χρῆται.
958 2827 1023 2861 43.
1050 2822 1137 2861 Vid.
1153 2821 1205 2863 R·
1219 2820 1378 2859 D.·ibid.
1397 2832 1435 2868 p.
1456 2818 1548 2856 20*.

793 2906 796 2916 1
1209 2895 1236 2921 G
1259 2895 1286 2921 0
