1864 3132
872 244 974 292 539

267 351 394 395 Επου
429 368 706 411 κατεπειὙων
739 371 907 397 σαυτον
941 371 1193 414 προσεχων,
1227 350 1342 402 ὅπως

231 421 423 480 *Mmlev
455 420 767 491 παραχορδιῃς,
801 424 858 472 ὠν
892 422 953 472 Set
987 447 1019 473 σ
1052 422 1293 487 αποδειξαι.

268 505 402 552 Οπως
431 498 478 549 δε
510 524 568 549 το
598 502 829 561 συμβολον
859 504 1083 563 λαβοντες
1116 525 1273 551 επειτα
1306 510 1425 561 πλη-

268 583 360 627 Σιοι
392 577 666 637 καθεδουμεθ,
700 579 756 630 ὠς
789 603 842 627 αν
875 602 1193 645 χειροτονωμεν

268 659 444 715 Απανθ,
479 678 597 705 οποσ
629 657 689 704 ῶν
721 654 796 725 δεῖ]
829 678 911 707 τας
944 657 1161 722 ἡμετερας
1196 663 1345 722 φιλας.

269 735 358 780 Και
392 755 463 786 τοι
496 755 542 780 τι
575 740 716 796 λεΎῳ,
752 740 908 799 φιλους
940 755 1035 799 ’γαρ
1070 757 1183 799 χρην
1217 735 1454 801 ονομαζειν.

270 812 367 871 Ορα
403 805 427 854 δ
458 808 574 860 ὁπως
607 813 822 867 ωθησομαι
856 808 1017 859 ‘romule
1051 834 1152 862 τους
1186 812 1237 873 εξ
1269 835 1438 864 αστεως
1491 807 1494 811 ’

270 890 485 945 Ηκοντας,
518 887 615 935 ὁσοι
648 909 817 952 προτου
850 910 942 943 μεν,
978 888 1072 943 ἠνικ
1100 891 1263 937 ελθοντ
1291 887 1375 937 εδει

270 963 440 1021 Λαβειν
469 963 634 1022 οβολον
661 985 801 1019 μονον,
832 966 1047 1021 εκαθηντο
1075 971 1335 1015 λαλουντες.

270 1043 312 1085 Ν
318 1061 378 1086 υνι
408 1036 432 1085 δ
461 1047 677 1105 ενοχλουσ·
710 1055 843 1102 αὙαν”
892 1047 984 1088 αλλ
1018 1063 1118 1105 ουχι
1149 1040 1411 1107 Μυρωνιὸης,

268 1121 345 1165 Or
379 1138 514 1181 ηρχεν
547 1117 572 1164 ὁ
599 1114 822 1179 Ύενναδας,
857 1114 989 1168 ουδεις
1017 1140 1070 1166 αν
1097 1126 1271 1174 ε-τολμα

266 1193 334 1240 'Ta
369 1215 448 1250 της
483 1201 651 1244 πολεως
684 1191 868 1253 διοικειν,
904 1216 1114 1260 αργυριον
1143 1203 1303 1262 φερων·

242 1263 373 1325 Ἀλλ
407 1271 506 1326 ἡκεν
539 1270 726 1322 ἕκαστος
756 1294 802 1320 εν
830 1269 1001 1334 ασκιὸιῳ
1035 1279 1185 1338 φερων

269 1350 404 1406 Hae-w,
444 1349 535 1403 ἁμα
565 1372 598 1396 τ
629 1372 767 1414 αρτ-ον
800 1373 867 1409 av,
903 1374 972 1398 και
1006 1347 1080 1398 δυο
1113 1374 1327 1416 κρομμυω,

271 1426 358 1471 Και
387 1445 507 1488 ‘rpem
535 1420 587 1472 ἀν
616 1433 762 1484 exuas,
795 1447 880 1474 νυνι
907 1423 952 1471 δε
980 1426 1233 1489 τριωβολον

270 1505 460 1558 Ζητουσι
487 1502 663 1561 λαβειν,
699 1501 812 1549 ὁταν
846 1523 1083 1565 πραττωσι
1112 1523 1159 1548 τι
1186 1524 1324 1550 κοινον
1350 1501 1435 1550 ὦσ-

272 1584 368 1643 ssep
403 1574 808 1643 πηλοφορουντες]

205 1686 283 1736 Ex
304 1693 423 1744 toto,
450 1702 593 1749 quem
617 1685 698 1732 hic
719 1684 868 1742 vides,
891 1684 1127 1732 linearum
1153 1700 1355 1732 numero
1386 1691 1484 1732 tres
1514 1684 1635 1732 dun-

205 1770 355 1821 taxat,
379 1764 582 1827 primam
601 1762 724 1819 dico,
745 1760 1093 1818 duodecimam,
1112 1767 1161 1808 et
1178 1761 1392 1808 ultimam
1411 1775 1636 1809 versuum

206 1840 402 1889 nomine
437 1845 551 1886 sunt
587 1838 924 1902 insigniendae.
986 1838 1199 1886 Fabrum
1243 1840 1436 1902 quidem
1482 1854 1637 1901 usque

205 1916 328 1963 adeo
362 1914 585 1962 festivum
620 1913 768 1961 fuisse
789 1913 945 1971 video,
982 1921 1034 1961 ut
1057 1915 1274 1978 quintam
1298 1922 1347 1962 et
1370 1920 1553 1963 sextam
1575 1913 1638 1960 ad

206 2007 424 2041 normam
448 1990 702 2038 iambicam
726 1990 793 2038 sic
817 1991 947 2056 exigi
970 1990 1177 2039 voluerit
1197 2010 1207 2040 :

338 2096 444 2140 Αλλ
478 2113 511 2137 ω
543 2086 771 2154 Χαριδημε
802 2113 872 2137 και
907 2094 1088 2147 Σμικυθε
1122 2113 1192 2138 και
1219 2113 1275 2139 συ
1312 2097 1479 2156 Δρακη,

344 2171 467 2214 Επου
499 2188 780 2228 ΚαΤΕπΕιΎων
809 2189 975 2215 σαυΤΟν
1009 2189 1103 2215 νοῦν
1131 2190 1370 2233 προσεχων
1399 2170 1531 2221 ὁπως.

210 2266 372 2335 Atque
392 2264 508 2311 hinc
531 2279 630 2310 non
653 2264 892 2312 immerito
911 2264 1136 2331 colligere
1161 2267 1275 2314 mihi
1297 2268 1466 2317 videor
1487 2267 1640 2316 virum

211 2340 538 2389 doctissimum
585 2346 809 2386 caeteram
854 2339 1165 2404 farraginem,
1223 2350 1410 2405 partem
1461 2344 1490 2372 ³*
1508 2350 1641 2390 certe

212 2419 484 2473 maximam,
521 2431 591 2462 ex‘
612 2415 812 2462 senariis
834 2415 1062 2480 legitimis
1084 2417 1286 2466 confieri
1310 2420 1604 2467 existimasse
1624 2437 1638 2475 ;

211 2511 319 2543 cum
361 2501 523 2541 tamen
563 2507 626 2538 ne
666 2507 790 2539 unus
830 2493 1022 2554 quidem
1058 2495 1276 2542 senarius
1298 2496 1366 2544 ibi
1389 2497 1639 2551 habeatur.

213 2572 310 2635 Sed
335 2586 496 2635 neque
522 2569 794 2627 habebitur,
830 2569 869 2616 si
903 2569 1218 2619 admittantur
1251 2573 1341 2620 viri
1379 2570 1640 2619 doctissimi

215 2648 590 2696 emendationes.
656 2644 837 2693 Eorum
861 2645 1045 2710 utique,
1070 2661 1190 2709 quos
1213 2647 1377 2704 voluit,
1403 2647 1452 2693 in
1477 2647 1640 2708 priore

217 2725 373 2773 minus
396 2730 527 2773 recte
551 2721 834 2785 producitur
855 2741 938 2778 συ;
975 2721 1027 2768 ἰῐι
1049 2722 1201 2771 altero
1230 2724 1471 2787 spondeus
1500 2738 1641 2786 quar-

216 2806 314 2847 tam
354 2800 515 2849 sedem
548 2804 766 2862 occupat,
837 2795 1127 2861 Hujusmodi
1166 2798 1359 2862 quidem
1398 2797 1640 2846 senarium

915 2877 981 2911 411

1662 448 1767 507 “310

1674 2451 1767 2491 311
