1864 3132
970 254 1070 308 178

293 383 318 409 a
351 368 489 422 lyricis,
530 366 695 418 tragicis,
738 369 776 403 et
807 363 984 402 bucolicis

292 434 409 485 poetis
444 435 634 481 usurpata,
670 442 743 467 non
773 433 830 467 est
862 439 984 466 sermo

292 497 492 550 gentilitius
524 494 650 545 populi
685 493 867 544 alicujus;
888 523 891 525 -
919 492 982 531 sed

289 563 418 612 lingua
430 561 468 599 in
481 573 591 598 usum
608 558 793 609 poeticum
809 556 980 602 conficta,

290 632 402 678 atque
419 626 557 676 partim
573 637 594 662 e
611 623 725 662 variis
743 621 980 667 archaismis‚

290 691 428 742 partim
455 703 503 728 ex
530 702 600 727 usu
632 687 780 738 vulgari
807 685 983 724 recentio-

288 768 373 794 rum
410 756 556 797 Dorum
593 752 754 790 conflata
765 756 779 797 ;'
823 763 980 803 quorum

289 820 479 870 praecipua
510 831 595 869 pars
625 817 804 856 sermonis
834 829 882 855 ex
914 817 982 855 ΙΕ-

288 884 383 924 olico
398 882 573 924 'formata
599 887 668 921 est.

343 949 490 987 AEolum
529 951 672 986 tamen-
698 951 807 997 atque
849 946 980 985 Ionum

287 1014 418 1065 lingua
440 1025 516 1051 una
546 1012 747 1061 eademque
778 1010 890 1050 fuisse
924 1011 982 1049 vi·

287 1079 417 1124 detur;
456 1088 573 1127 neque
596 1076 634 1113 in
664 1075 828 1114 diversas
846 1075 980 1114 abiisse

286 1142 477 1187 dialectos,
509 1140 579 1179 nisi
607 1146 691 1190 post
718 1140 978 1191 emigrationes

284 1205 324 1243 in
343 1204 502 1250 Asiam3
543 1204 605 1242 ubi
623 1209 750 1254 gentes
774 1203 863 1251 illae,
895 1216 978 1255 quae

286 1270 488 1320 generatim
522 1269 648 1307 Danai
678 1274 715 1307 et
746 1268 881 1306 Achaei
912 1281 979 1319 ap-

284 1333 532 1384 pellabantur,
564 1334 603 1371 in
637 1333 773 1378 varias,
810 1337 847 1370 et
881 1345 906 1370 a
940 1345 979 1370 se

278 1399 447 1439 ,invicem
491 1404 652 1436 remotas
694 1397 864 1434 civitates
908 1396 981 1434 dis·

285 1477 415 1514 persae,
456 1463 494 1502 in
529 1462 655 1501 varias
690 1461 829 1512 species
862 1460 981 1502 diver-

285 1540 412 1567 sorum
448 1526 669 1566 idiomatum
702 1525 865 1575 patrium
905 1538 979 1564 ser-

284 1604 435 1631 monem
469 1591 667 1642 paullatim
709 1590 977 1636 deflectebant;

284 1656 340 1694 ita
373 1661 415 1694 ut
448 1655 628 1694 Herodoti
671 1655 781 1693 aetate
823 1658 980 1705 quatuor

285 1720 484 1759 varietates
541 1720 676 1770 linguae
730 1719 825 1775 inter
878 1717 978 1767 ipsos

287 1785 394 1824 Iones
419 1790 421 1792 ’
441 1785 628 1825 Asiaticos
670 1785 979 1827 observarentur;

285 1862 402 1900 neque
446 1851 636 1899 pauciores
687 1860 803 1899 neque
855 1847 977 1884 minus

287 1913 451 1952 diversos
487 1913 598 1952 fuisse
635 1914 764 1951 modos
807 1910 976 1962 loquendi

286 1978 323 2015 in
361 1977 496 2016 Siciliae
532 1984 568 2016 et
604 1978 723 2016 Italiae
758 1978 923 2025 coloniis,
957 1991 976 2016 e

231 2088 234 2091 r
287 2046 454 2079 veterum
480 2042 728 2080 monumentis
751 2056 794 2080 ac
813 2042 978 2080 testimo-

287 2105 356 2143 niis
375 2105 579 2144 certissime
597 2112 753 2146 constet.
792 2106 976 2154 Verbum,

286 2168 383 2218 quod
410 2169 447 2206 in
472 2170 662 2207 communi
687 2175 724 2208 et
748 2170 876 2208 Attico
903 2182 979 2208 ser-

287 2245 396 2271 mone
432 2233 654 2271 ΠΛΑΣΣΩ
687 2240 724 2272 et
756 2234 976 2273 ΠΛΑΤΤΩ

286 2296 525 2343 scribebatur,
566 2298 665 2347 apud
699 2297 864 2336 diversos
900 2297 978 2335 Do-

286 2359 372 2396 ricae
413 2357 537 2409 stirpis
579 2356 732 2410 populos
777 2359 974 2406 ΠΛΑΖΩ,

285 2423 527 2470 ΠΛΑΣΔΩ,
545 2430 581 2462 et
593 2425 824 2464 ΠΛΑΔΔΩ
842 2425 975 2470 fiebat3

285 2493 396 2538 atque
430 2487 523 2526 alias
561 2489 760 2528 Dorismus
805 2490 976 2540 antiquus

284 2550 323 2588 in
341 2550 465 2588 varias
484 2551 611 2589 abibat
627 2551 782 2600 formas,
812 2552 976 2604 singulas

285 2613 439 2664 singulis
480 2615 690 2655 civitatibus
731 2618 898 2667 proprias
939 2624 977 2657 et

285 2677 514 2727 peculiares3
548 2679 642 2717 alius
669 2681 768 2719 enim
795 2687 875 2720 erat
901 2695 978 2722 ser-

286 2754 350 2787 mo
369 2743 611 2793 Argivorum,
629 2745 722 2783 alius
739 2746 978 2785 Lacedaemo-

283 2806 442 2855 niorum,
476 2807 570 2846 alius
603 2809 845 2859 Rhodiorum,
880 2811 973 2852 alius

1040 364 1286 413 Cretensium,
1318 365 1406 411 &a
1427 365 1516 412 &a
1545 379 1661 419 neque
1677 365 1735 418 ἰρ-

1038 428 1114 467 sius
1151 428 1275 467 Cretae
1311 443 1386 468 una
1419 431 1622 482 eademque
1651 435 1734 469 erat

1036 492 1205 531 omnium
1229 493 1426 533 civitatum
1450 495 1653 540 dialectus;
1690 499 1742 534 at.

1036 557 1197 597 aliarum
1216 559 1313 607 aliae,
1332 566 1375 598 ut
1392 573 1412 598 e
1426 560 1591 599 nummis
1607 559 1749 598 adhuc*

1035 623 1245 663 extantibus
1263 625 1373 675 plane
1391 625 1542 677 liquet?
1579 624 1731 676 Knight

1040 698 1210 725 van1.

1070 755 1094 774 “
1103 751 1246 790 Verum
1260 752 1343 791 haec
1354 753 1598 798 dialectorum
1613 752 1732 791 AEoli-

1034 829 1159 855 carum
1175 822 1213 855 et
1230 817 1443 856 Ionicarum
1473 817 1631 856 affinitas
1655 829 1730 856 nou

1034 883 1153 933 potuit
1188 882 1276 933 quin
1309 881 1604 928 confirmaretur,
1640 894 1728 920 cum

1035 952 1165 998 postea
1197 946 1304 984 binas
1340 945 1505 998 regiones
1540 944 1730 983 Asiaticas

1035 1012 1108 1050 duo
1124 1010 1180 1049 illi
1197 1009 1322 1060 populi
1336 1008 1547 1047 incolebant
1562 1007 1730 1058 proxime
1772 1027 1775 1029 >

1034 1087 1059 1112 a
1075 1087 1115 1112 se
1131 1074 1220 1124 ipsis
1237 1073 1428 1123 distantes.
1472 1071 1584 1110 Iones
1602 1076 1728 1111 autem

1032 1138 1169 1190 (adhuc
1203 1131 1305 1178 euim
1341 1139 1380 1176 in
1421 1139 1554 1178 Attica
1592 1150 1728 1178 nomen

1034 1214 1144 1240 suum
1186 1202 1398 1249 servabant,
1449 1201 1560 1239 Iones
1605 1200 1729 1238 Attici

1033 1264 1134 1312 dicti,
1167 1270 1210 1303 ut
1235 1264 1304 1312 illi,
1339 1264 1403 1316 qui
1431 1265 1471 1304 in
1500 1264 1728 1314 Peloponeso

1033 1343 1121 1368 cum
1166 1330 1320 1370 Achaeis
1374 1331 1476 1371 misti
1523 1331 1726 1376 restabant,

1032 1396 1144 1434 Iones
1165 1395 1426 1446 AEgialenses,)
1454 1396 1517 1436 diu
1540 1396 1641 1447 apud
1656 1395 1729 1434 At-

1033 1461 1128 1499 ticos
1147 1461 1360 1507 manebant,
1388 1459 1520 1512 quibus
1548 1460 1669 1503 amice
1691 1463 1732 1498 et

1032 1523 1266 1562 familiariter
1307 1524 1529 1562 utebantur:
1592 1523 1649 1562 ita
1685 1528 1729 1569 nt

1033 1587 1190 1626 miratus
1219 1587 1330 1637 fueris
1358 1587 1396 1626 ni
1426 1587 1642 1639 plerumque
1667 1587 1747 1638 ,iffi

1034 1665 1159 1691 sorum
1196 1653 1324 1704 lingua
1348 1654 1402 1692 ‘ad
1438 1653 1608 1692 Atticam
1644 1665 1728 1705 pro·

1032 1707 1114 1768 pius
1150 1731 1264 1770 quam
1301 1719 1350 1764 ad
1388 1719 1572 1758 AEolicam
1603 1731 1728 1758 acces·

1032 1783 1131 1821 serit.

1087 1845 1187 1882 Cum
1216 1857 1304 1883 vero
1329 1845 1468 1885 meolis.
1485 1847 1637 1884 tandem
1656 1846 1726 1884 At-

1030 1908 1105 1947 tica
1122 1909 1348 1957 abundabat,
1366 1900 1509 1950 Neleus
1527 1911 1724 1962 imperium

1032 1974 1172 2012 Atticae
1218 1975 1388 2015 Medonti
1432 1977 1564 2015 cedens
1608 1976 1726 2025 fiatri,

1030 2053 1211 2091 magnam
1225 2040 1357 2079 Ionum
1370 2047 1516 2091 parbem
1531 2042 1572 2080 in
1589 2043 1724 2082 Asiam

1031 2103 1194 2150 deduxit,
1241 2111 1280 2144 et
1312 2104 1511 2156 regionem,
1559 2118 1635 2157 qua
1666 2105 1724 2144 sui

1031 2169 1253 2216 desiderunt,
1284 2169 1428 2223 Ioniam
1456 2171 1618 2209 vocavit.
1674 2171 1740 2228 Eg

1031 2247 1104 2273 non
1139 2234 1194 2273 ita
1228 2234 1339 2286 longo
1374 2241 1458 2286 post
1487 2248 1534 2275 ex
1569 2236 1724 2275 Achaeis

1030 2300 1144 2338 etiam
1174 2299 1318 2338 colonia
1346 2299 1383 2350 in
1418 2300 1583 2338 vicinam
1618 2300 1725 2339 Asiae

1030 2370 1175 2415 partem
1210 2365 1399 2415 migravit,
1444 2377 1559 2416 quam
1594 2364 1723 2403 deinde

1031 2430 1203 2478 AEoliam,
1238 2436 1323 2480 post
1355 2430 1492 2471 Achaei*
1521 2429 1577 2468 sui
1604 2439 1722 2466 avum

1030 2499 1223 2532 vocarunt.
1292 2494 1409 2544 [Vide
1453 2493 1633 2532 Edwards
1673 2492 1733 2544 ad-

1031 2558 1385 2597 Pseudo-Plutarch.
1409 2569 1445 2608 p.
1468 2556 1572 2609 106]
1629 2557 1724 2596 Dia-

1030 2620 1146 2659 lectus
1163 2627 1289 2659 autem
1314 2620 1457 2667 Ionica,
1484 2620 1641 2665 fortasse
1669 2620 1724 2667 fa·-

1030 2685 1283 2724 miliarissimo
1304 2685 1516 2723 Atticorum
1541 2696 1724 2724 commer-

1029 2750 1086 2787 cio
1103 2763 1178 2789 non
1195 2763 1328 2800 parum
1341 2750 1474 2788 melior
1488 2750 1600 2797 facta,
1617 2749 1720 2791 brevi

1029 2815 1121 2854 adeo
1153 2815 1303 2856 exculta
1337 2815 1449 2856 fuisse
1482 2816 1639 2865 videtur,
1678 2819 1719 2853 ut
