1864 3132
903 256 1005 306 206

229 369 261 391 “
285 387 385 424 των,
411 365 587 413 ὄποσων
609 366 654 412 αἱ
675 386 810 430 αρχαι
833 386 925 412 avr-o
947 369 1318 430 τωνφωνηεντων
1336 384 1558 428 ε’γινοντο,
1581 385 1665 423 την

247 447 361 489 ὈΥ
385 441 666 501 συλλαβην
648 464 707 489 ενι
729 462 941 506 στοιχειω
965 447 1266 507 Ύραφομενην·
1297 463 1437 490 τουτο
1459 438 1484 489 3
1505 465 1556 500 ην
1578 462 1666 490 ωσ-

229 524 372 584 “n-ep
397 539 552 581 Ὑαμμα
590 518 658 579 [f.
671 518 838 576 Fauna]
877 515 1044 570 διτταις
1075 541 1148 567 em
1167 541 1270 575 μιαν
1298 522 1430 584 ορθην
1461 518 1667 593 επιζεινγ-

248 602 458 654 ’νυμενον
493 597 625 660 [del:
665 595 788 659 ταις]
834 603 1064 670 πᾉαγιαις,
1099 620 1151 648 ως
1187 601 1424 672 FEAENH,
1472 619 1542 646 και
1579 602 1669 645 ΡΑ-

230 677 424 730 “ΝΑΞ,
450 696 521 722 και
545 679 770 734 ΡΟΙΚΟΣ,
794 697 862 722 και
887 679 1089 733 FANHP,
1121 697 1193 724 και
1214 682 1369 723 πολλα
1392 697 1599 724 τοιαυτα.
1601 702 1670 712 --

231 755 495 815 “quorum
527 767 718 815 magna
746 768 873 815 pars
904 759 1013 800 erat
1040 751 1289 815 palustris
1313 759 1360 800 et
1395 769 1503 820 quae
1532 770 1668 803 more

229 825 458 889 “priscce
488 827 678 891 linguae
704 827 841 876 Velia
869 834 1109 876 vocatur:
1160 844 1281 876 nam
1307 827 1468 891 prisci
1502 826 1672 876 Graeci

228 907 262 927 “
282 903 566 952 nominibus
611 921 642 952 a
688 904 853 953 vocali
896 894 1245 969 incipientibus
1289 904 1537 970 syllabam
1592 915 1668 954 ΟΥ

228 985 261 1004 ((
283 980 429 1028 unico
465 976 703 1044 scriptam
738 980 1027 1030 charactere
1053 976 1349 1047 plerumque
1381 994 1672 1045 praeponere

229 1063 262 1082 “
284 1057 521 1107 solebant.
605 1051 706 1107 Hic
752 1064 920 1107 autem
960 1065 1085 1116 erat,
1131 1065 1188 1106 ut
1231 1058 1433 1122 duplex⁴
1454 1067 1500 1118 r,
1544 1056 1674 1125 quod

227 1134 597 1199 “formabatur
631 1134 829 1184 duabus
863 1134 1009 1186 lineis
1043 1133 1252 1200 obliquis
1287 1135 1355 1185 ad
1388 1150 1544 1183 unam
1566 1126 1674 1185 rec->

228 1215 260 1234 “
283 1216 388 1258 tam
410 1210 676 1274 adjunctis,
699 1218 756 1258 ut
781 1216 1019 1267 ΡΕΛΕΝΗ,
1055 1216 1102 1258 ει
1126 1215 1334 1268 ΡΑΝΑΞ,
1369 1217 1417 1258 et
1442 1216 1670 1270 ΡοΙΚοΣ,

228 1290 261 1310 ((
284 1292 332 1333 et
378 1291 580 1343 FANHP,
623 1292 671 1333 et
712 1285 871 1334 multa
917 1284 1022 1333 alia
1062 1284 1393 1349 hujusmodi.'’
1479 1284 1671 1349 Nempe

227 1382 327 1415 non
365 1367 470 1442 jam
518 1366 638 1414 dixit
682 1365 949 1431 Dionysius
989 1365 1165 1429 priscis
1204 1364 1542 1424 AEolensibus,
1587 1367 1674 1414 sed

233 1442 426 1506 Graecis
460 1443 675 1493 solemne
700 1442 868 1509 fuisse
891 1444 1145 1517 figuram
1167 1448 1196 1490 Ρ
1228 1442 1510 1492 nominibus
1541 1458 1672 1508 prae-

220 1536 454 1584 ponere.
514 1519 837 1568 AEolensibus
881 1512 1078 1583 quidem
1126 1515 1225 1581 non
1271 1518 1407 1577 dixit,
1464 1513 1550 1569 sed
1594 1535 1675 1568 res

225 1605 391 1646 tamen
412 1629 415 1632 -
434 1597 608 1644 eodem
653 1587 840 1655 recidit,
870 1611 946 1645 ac
991 1596 1031 1643 si
1067 1595 1288 1647 dixisset.
1370 1578 1567 1661 Quippe
1611 1597 1681 1646 de.

226 1673 551 1724 istisGraec-is
572 1673 693 1739 agit,
730 1689 792 1733 ex
826 1688 1031 1738 quorum
1068 1688 1291 1721 sermone
1324 1671 1488 1720 Latini
1522 1673 1673 1721 verba

228 1769 318 1802 sua
363 1750 654 1800 formabant.
739 1749 781 1797 Ii
827 1756 991 1797 autem
1035 1745 1175 1798 era'nt
1221 1749 1492 1798 AEolenses.
1517 1771 1521 1775 ²
1543 1749 1672 1799 *Cae-

228 1838 394 1887 terum,
410 1828 528 1876 illud
553 1818 820 1874 notandum
845 1827 983 1881 venit
997 1823 1289 1891 Dionysium
1314 1828 1436 1875 miro
1461 1829 1671 1893 quodam

228 1919 397 1955 errore
444 1903 617 1967 figurae
666 1907 695 1949 Ρ
736 1901 932 1967 syllabae
981 1911 1056 1950 ΟΥ
1099 1908 1390 1966 potestatem
1428 1893 1668 1952 tribuisse.

228 1979 435 2028 Videtur
478 1983 642 2032 autem
688 1993 826 2025 error
870 1977 984 2024 inde
1028 1977 1277 2036 oriundus,
1331 1978 1461 2040 quod
1507 1978 1672 2028 Latini

228 2058 456 2106 Graecam
482 2062 830 2103 consonantem
863 2060 892 2102 Ρ
915 2062 963 2102 et
988 2055 1220 2120 syllabam
1247 2065 1322 2103 ΟΥ
1348 2056 1672 2104 communiter

99 2154 193 2204 119
227 2150 318 2200 per
354 2138 384 2167 ³*
404 2135 591 2182 literam
626 2133 667 2180 V
701 2133 1064 2182 exscriberent:
1115 2149 1225 2182 cum
1255 2141 1419 2182 tamen
1455 2134 1549 2182 hoc
1583 2132 1668 2183 ob—

229 2213 410 2277 servari
433 2211 670 2276 potuisset
688 2211 919 2260 Latinum
944 2212 1002 2270 V,
1027 2212 1217 2276 quoties
1244 2212 1310 2261 illi
1335 2214 1671 2278 responderet,

231 2288 572 2347 consonantis;
633 2288 822 2352 quoties
845 2304 972 2339 ,vero
1007 2288 1135 2347 huic,
1176 2289 1403 2338 vocalis²⁶
1447 2290 1544 2339 vim
1583 2288 1701 2340 ob?

286 2455 350 2496 26.
379 2455 509 2493 Velius
543 2456 691 2506 Longus
722 2456 766 2493 de
793 2455 925 2494 Ortho-
980 2456 1139 2503 minum,
1185 2469 1291 2508 quam
1330 2457 1386 2495 illi
1424 2456 1669 2510 κυπάρισσον,

228 2521 442 2575 grapb.col.
458 2524 578 2558 2215.
606 2527 628 2544 “
645 2521 774 2559 Vem'o
790 2521 925 2559 Flacco
978 2535 1044 2559 nos
1076 2533 1303 2571 cupressum,
1338 2522 1394 2560 illi
1423 2521 1670 2575 κυβερνήτην,

231 2587 379 2625 videtur
403 2585 558 2622 eamdem
583 2598 658 2622 esse
684 2587 783 2635 apud
806 2599 871 2623 nos
891 2587 926 2624 V
979 2598 1044 2623 nos
1088 2587 1384 2636 gubernatorem,
1442 2598 1579 2624 necnon
1629 2600 1673 2625 ex

232 2651 395 2689 litteram
431 2648 470 2697 (i.
484 2661 516 2686 e.
548 2648 689 2686 vocalis
720 2648 801 2687 loco
831 2650 928 2700 posi·
980 2649 1155 2699 ejusmodi
1206 2648 1384 2695 Theseus,
1436 2647 1582 2695 Peleus,
1634 2654 1673 2687 et

234 2717 344 2764 tam),
362 2725 440 2763 quoe
456 2712 555 2761 apud
574 2712 727 2750 Groecos
745 2714 800 2762 Υ;
830 2727 928 2752 nam·
980 2713 1156 2752 similibus
1179 2714 1384 2763 adfirmat?
1413 2713 1518 2751 verr.
1544 2714 1669 2754 Flace.

236 2793 304 2832 que
334 2778 389 2816 his
419 2777 588 2826 exemplis
619 2784 898 2827 argumentatur
913 2793 925 2816 :
981 2777 1031 2816 ad
1047 2777 1170 2827 April,
1188 2782 1225 2816 4.
1244 2791 1281 2828 p.
1297 2781 1361 2815 44.
1391 2777 1672 2817 SIBVLLnns.

237 2844 334 2898 quod
355 2843 411 2882 ilci
435 2842 560 2881 dicunt
588 2842 742 2890 κύμινον,
772 2856 837 2882 nos
864 2856 929 2884 cu·
981 2850 1010 2870 “
1027 2844 1157 2892 Quare
1179 2845 1304 2894 miror,
1335 2844 1421 2896 quid
1443 2843 1669 2883 in-mentem
