1864 3132
941 219 1044 267 254

267 324 470 373 formam
508 331 670 373 autem
710 323 809 372 sive
855 323 1244 372 terminationem
1292 322 1565 387 prosoediae
1600 322 1706 372 Ho-

269 403 460 451 mericae
501 402 657 460 ratio;
717 402 1081 454 rescribendum
1120 402 1239 467 ἅρμα
1276 402 1487 450 ‹ivam-mv.
1561 400 1707 450 Libet

267 486 429 528 autem
470 480 583 527 huic
615 479 824 527 orationi
859 480 1037 528 diutius
1072 479 1234 543 paullo
1268 479 1530 527 immorari.
1574 477 1705 527 ‘Ne-

266 572 362 620 que
397 557 527 605 enim
567 557 698 615 alibi,
733 557 924 622 opinor,
964 557 1014 605 in
1055 557 1233 606 Graeca
1272 556 1442 622 lingua
1479 557 1708 622 syntaxin

264 647 405 696 aeque
450 639 728 680 accuratam
772 633 985 697 reperire
1031 640 1118 682 est.
1206 633 1316 699 Age
1355 633 1518 683 enim:
1573 639 1708 682 muta

263 708 454 756 caeteris
490 708 798 757 manentibus
837 709 914 758 vel
946 709 1109 772 ἀξαντε
1144 709 1194 757 in
1230 709 1428 772 ἀξαντες,
1468 709 1544 758 vel
1574 717 1707 774 λιπον

261 782 313 830 in
353 791 558 842 λιπετην,
605 784 683 833 vel
720 784 841 850 ἅρμα
883 784 934 832 in
981 785 1186 833 alterum
1227 786 1557 850 quodcunque
1600 785 1706 850 plu-

261 860 374 908 ralis
420 861 664 920 notionis;
723 868 773 910 et
817 862 878 909 de
923 863 1166 911 sententia
1211 862 1340 911 illico
1387 870 1551 917 actum
1596 864 1705 912 erit.

262 937 430 986 Prima
486 939 657 1003 utique
703 939 877 988 efficiet
929 940 1215 1000 immutatio,
1261 948 1316 989 ut
1360 948 1532 995 contra
1575 947 1708 991 cotn-v

262 1030 459 1084 munem
484 1032 677 1064 sensum
704 1007 986 1077 habeamus,
1010 1022 1184 1066 Πολλοι
1209 1019 1339 1066 ἱππ-οι
1361 1018 1550 1081 α’ξαντες
1571 1019 1705 1084 ἅρμα,

260 1095 407 1143 multi
446 1096 559 1162 equi
596 1114 709 1146 cum
732 1097 1017 1163 fregissent
1054 1098 1259 1147 unicum
1293 1114 1500 1147 currum
1518 1118 1539 1154 ;
1593 1113 1705 1161 cum

258 1167 424 1221 'tamen
448 1173 500 1220 in
525 1173 729 1239 singulis
753 1175 977 1223 curribus
1008 1176 1121 1239 equi
1151 1192 1250 1223 non
1280 1175 1373 1222 nisi
1396 1175 1498 1222 bini
1524 1180 1703 1241 essent.

260 1250 489 1299 Secunda
513 1251 646 1299 dabit
669 1251 743 1300 vel
767 1257 939 1300 Πολλοι
970 1259 1162 1309 λιπετην
1190 1259 1362 1301 contra
1389 1266 1704 1300 numerorum

257 1328 516 1387 rationem,
566 1328 661 1378 ,vel
719 1328 904 1376 nullum
957 1330 1019 1377 ad
1070 1330 1200 1394 quod
1245 1337 1411 1390 πολλοι
1461 1329 1708 1379 referatur*

257 1408 478 1456 verbum.
593 1408 672 1456 Ex
728 1408 874 1456 tertia
928 1409 1140 1474 denique
1195 1409 1481 1457 habebimus
1535 1407 1705 1476 ἁξαντε

258 1487 444 1551 ἅρματα
498 1485 577 1535 vel
630 1485 811 1536 simile:
886 1484 990 1535 bini
1044 1503 1158 1535 cum
1195 1484 1478 1552 fregissent
1525 1483 1702 1553 plures

258 1579 457 1614 currus

758 1696 1206 1745 ADDITAMENTA.

257 1793 390 1847 κάστῳ
433 1793 462 1830 f.
494 1791 593 1846 α’ἷρσε
629 1791 681 1840 Ξ,
708 1797 798 1831 151.
861 1793 955 1832 633.

256 1857 354 1910 ἄμφι
392 1857 590 1901 Ρὲκαστον
632 1862 724 1902 747.
794 1859 844 1906 O,
868 1863 954 1904 189.

258 1921 425 1960 δέδαστὸ
460 1922 666 1962 Heme-roe.
724 1927 816 1960 288.
845 1923 956 1970 θυμὸς·

1419 1792 1513 1839 672.
1542 1791 1706 1845 κεφαλαὶ

1364 1858 1425 1894 Fr.
1457 1868 1634 1902 xxmu,
1670 1860 1704 1892 1.
1748 1903 1751 1905 ‚

1010 1921 1065 1958 «ταὶ
1102 1920 1291 1964 Ρέκαστα.
1362 1920 1450 1958 Solo
1482 1921 1542 1957 Fr.
1570 1931 1610 1967 v,
1637 1924 1703 1958 34.

1012 1794 1051 1833 ὅς
1088 1812 1144 1833 τις
1180 1793 1354 1834 ἕκαστος.

1012 1858 1052 1896 δὲ
1087 1857 1280 1909 Ρεκάστῳ.

255 1985 451 2024 ἁπάντων.
509 1989 602 2023 505.
632 1991 743 2034 γαῖαν
774 1985 953 2024 ἅπαντες.

259 2054 350 2089 514.
379 2048 486 2097 μένος
520 2049 634 2097 θυμόν
662 2065 708 2087 τε
741 2048 952 2092 Ρέκαστου.

257 2113 348 2158 667.
439 2115 483 2160 Ρ,
522 2117 619 2152 252.
662 2112 952 2152 διασκοπιᾶσθαι

255 2179 501 2220 ’ῨΡέκασ-τον.
557 2179 604 2225 Τ,
627 2182 720 2216 302.
743 2178 837 2224 κήδε’
855 2178 954 2220 ἅπα-

257 2260 335 2283 σαι.
393 2248 485 2282 332.
516 2243 670 2295 δείξειας
690 2242 857 2283 ἅπαντα.
899 2244 951 2290 Ψ,

247 2315 348 2354 107.
380 2310 459 2348 Καί
475 2325 521 2357 με
544 2308 707 2351 Ρέκαστ’
735 2307 950 2347 ἐπέτελλεν·

257 2376 368 2414 Conf.
403 2376 451 2413 R.
472 2374 517 2412 P.
549 2376 596 2413 ad
624 2375 729 2412 Med.
751 2379 845 2420 719.
901 2375 951 2421 Ω,

259 2446 294 2479 1.
325 2442 411 2486 νῆας·
430 2439 610 2479 ἅπαντες.
659 2440 816 2478 Hesiod.
838 2439 951 2492 ’‘Epy.

256 2511 350 2552 391.
380 2504 425 2544 ὥς·
446 2522 492 2542 τε
513 2505 703 2545 Ρέκαστα.
736 2507 839 2544 Scut.
861 2508 950 2544 283.

254 2571 371 2619 Τοίγε
388 2571 455 2618 μὲν
473 2570 519 2608 αὖ
538 2572 745 2618 γελόωντες
764 2564 948 2624 αὖλητῆρι

257 2634 449 2679 Ρέκαστος·
486 2633 645 2687 Πρόσθ”
665 2635 772 2673 ἔκιον·

256 2704 346 2744 299.
403 2698 595 2748 Theogon.
629 2703 694 2743 7‘3.
738 2698 777 2737 εὖ
813 2699 852 2737 δὲ
889 2697 952 2741 Ρέ-

256 2781 398 2802 καστα.
464 2768 555 2808 370.
593 2764 646 2802 Οἱ
683 2764 722 2803 δὲ
757 2764 948 2805 Ρέκαστα.

258 2827 489 2877 393.’·ϊιμη“ν
517 2827 556 2868 δὲ
590 2825 797 2871 Ρὲκαστον.
854 2831 948 2873 459.

838 2635 948 2672 Conf.
1002 2634 1107 2684 βῆσε
1146 2633 1362 2686 Ρεκηβόλῳ.

1010 1987 1124 2040 δόξαν
1141 1986 1319 2026 ἕκαστος.
1378 1997 1479 2032 XIX,
1501 1990 1538 2024 5.
1569 1984 1615 2024 εἷς·
1636 1986 1705 2032 μὲν

1259 2054 1320 2088 15.
1364 2051 1526 2102 κεφαλαὶ
1561 2051 1602 2090 δὲ
1639 2053 1704 2092 Fe-

1226 2116 1404 2166 Tyrtaeus
1436 2127 1489 2163 11,
1522 2118 1583 2153 15.
1621 2113 1705 2152 α’νῦ-

1008 2051 1182 2091 ἕκασΤΟς.

1008 2116 1152 2168 Κάστῳ.

1008 2196 1083 2219 σειε
1111 2179 1302 2226 Ρέκαστα,

1242 2243 1465 2285 ΡΕΚΑΤΗ

1007 2311 1201 2361 Theogon.
1231 2313 1323 2348 418.
1369 2307 1553 2354 κικλήσκει
1591 2307 1706 2354 Ρεκά-

1008 2393 1090 2422 την.

1185 2439 1526 2481 ΡΕΚΗΒΟΛΟΣ

1007 2506 1223 2544 Victorinus
1259 2519 1296 2556 p.
1321 2509 1368 2543 21
1389 2521 1432 2540 =
1452 2502 1572 2542 2461.
1629 2505 1698 2543 ῙΛ.

1006 2572 1055 2618 Α,
1090 2575 1154 2609 21.
1201 2569 1259 2608 υἷα
1298 2567 1528 2619 Ρεκηβόλον.
1602 2573 1698 2608 438.

1430 2632 1565 2682 Tripos
1598 2634 1698 2683 apud

1006 2700 1187 2738 Herodot.
1216 2711 1257 2745 v,
1279 2702 1342 2743 59.
1382 2698 1517 2736 Σκαιός
1551 2715 1698 2747 πυγμα-

1004 2762 1106 2816 χέων
1139 2779 1186 2811 με
1231 2761 1432 2815 Ρεκηβόλῳ
1470 2762 1696 2802 Ἀπόλλωνι.

1006 2827 1162 2867 Hesiodi
1195 2827 1296 2866 Scut.
1317 2830 1408 2865 100.
1452 2826 1695 2866 Ἀπόλλωνος
