1864 3132
846 176 948 243 359

191 300 404 349 πλάσματα
422 309 558 349 πηλου,
589 300 769 341 σκιοειδέα
787 299 873 351 φῦλ’

189 366 365 415 ἀμενηνά,
407 364 585 413 α’μενηνοὶ,
615 364 665 402 R.
694 362 741 401 P.
776 362 875 412 apud

191 429 242 467 P.
261 429 308 466 Ρ.
327 429 408 474 D.;
442 434 480 466 et
511 432 626 467 1321.
663 427 723 465 Τό
741 440 787 464 τε
806 426 893 477 τῆς

191 491 449 544 ἀγανόφρονος
489 493 660 544 ἤσνχίας·
715 489 876 539 tragicos

192 557 360 594 imitatur
396 554 678 605 Aristophanes.
721 553 876 593 Thesm.

193 624 287 665 905.
313 618 410 670 αὕτη
430 619 562 665 θεονόη
589 619 785 672 Πρωτέως’
823 615 879 665 μα’

194 682 254 721 τοὶ
270 682 352 719 θεαί·
382 681 466 725 Εἰμὶ
487 682 683 735 Κριτύλλα
701 680 736 729 γ’
751 680 879 718 Ἀντι-

193 744 277 785 θέου
313 746 584 798 Γαργηττόθεν
627 746 727 796 Lege
771 743 879 782 Ἀλλ’

195 812 278 857 εἶμί.
329 811 454 860 Equit.
492 815 583 858 184,
604 814 640 849 5.
695 811 749 859 μοὶ
791 808 879 847 τούς

195 870 307 910 θεούς·
337 872 418 920 Εἴμ’
434 872 474 911 ἐκ
493 877 663 927 πονηρῶν
678 875 726 921 «γ’.
759 872 804 909 In
820 871 878 908 his

195 946 270 971 non
296 934 416 972 omitti
444 941 575 984 potest,
607 936 721 974 α’λλά.
767 935 879 984 Lege,

194 994 282 1033 ἀλλ’
296 994 337 1033 ἐκ
356 998 527 1049 πονηροῖν
548 998 594 1045 γ’.
622 998 672 1035 R.
693 997 743 1036 Ρ.
781 997 881 1047 apud

198 1057 247 1095 Ρ.
265 1056 312 1094 Ρ.
327 1057 382 1095 D.
410 1071 496 1096 cum
525 1073 597 1110 quo
620 1062 807 1110 conspirat
822 1073 883 1100 sa-

197 1120 417 1171 gacissimus
433 1122 620 1174 Reisig-ius
638 1139 675 1175 p.
687 1123 775 1163 106.
786 1125 882 1164 conf.

197 1183 250 1221 R.
268 1184 315 1223 P.
342 1186 564 1235 praeclaram
587 1188 882 1241 emendationem

199 1251 317 1299 Vesp.
336 1254 428 1294 395.
446 1251 537 1301 Lys.
552 1255 642 1292 833.
661 1252 716 1291 Ὦ
733 1251 883 1299 πότνια,

202 1308 358 1366 Κύνα-*ρον
376 1314 435 1351 καὶ
455 1315 636 1367 Κυθήρων
653 1316 712 1353 καὶ
731 1316 884 1367 Πάφου.

202 1372 371 1414 Deorum
416 1379 541 1416 titulos
575 1381 623 1416 ab
658 1380 784 1429 Epicis
804 1390 886 1417 'ex-

202 1443 382 1490 cogitatos
394 1441 433 1478 in
450 1442 566 1480 risum
577 1443 794 1492 detorquens
809 1455 889 1492 per-

203 1511 353 1554 petuam
366 1506 404 1542 in
413 1505 459 1543 iis
465 1512 581 1554 poetae
589 1507 887 1544 consuetudinem

202 1575 376 1618 usurpat3
389 1570 511 1620 Equit.
522 1576 537 1607 l
550 1576 637 1614 175.
654 1572 704 1608 ‘H
717 1570 746 1609 δ’
757 1571 889 1625 Ὀβρι-

202 1633 386 1688 μοπάτρα
405 1636 440 1682 γ’
449 1635 567 1685 ἑφθόν
580 1634 621 1674 ἐκ
635 1635 758 1687 ζωμοῦ
771 1636 887 1687 κρέας.

206 1699 284 1736 Av.
319 1702 410 1742 798.
455 1699 535 1749 lege
570 1712 638 1748 ope
672 1699 723 1737 R.
751 1699 798 1737 B.
840 1711 888 1736 ex

211 1763 337 1809 suida,
388 1764 451 1802 Ὠς
493 1765 518 1800 ὁ
547 1764 819 1816 Δΐιτρεφης-
835 1765 891 1812 (ut

210 1831 355 1875 1442),
382 1828 478 1865 conf.
492 1827 543 1866 R.
555 1828 602 1865 P.
628 1828 721 1866 adl.
750 1828 890 1882 “ZCum

207 1893 366 1932 Homeri
382 1894 497 1930 verba
513 1900 677 1943 usurpat,
690 1893 891 1932 Homerico

206 1963 328 1996 metro
361 1959 485 2004 utitur,
539 1957 641 1995 Nub.
666 1963 759 1996 400.
814 1956 892 1995 Καὶ

208 2022 362 2060 Σούνιον
377 2022 490 2074 ἄκρον
510 2021 694 2068 Ἀθηνέων
721 2023 831 2073 [ΟΔ.
849 2022 891 2068 Γ,

210 2086 320 2136 278.]
346 2086 464 2134 Vesp.
482 2084 574 2124 650.
605 2086 746 2140 Ἀτᾶρ,
776 2086 806 2126 ὦ
822 2086 895 2125 πεί-

211 2166 282 2202 τερ
309 2147 472 2203 η’μέτερέ
495 2150 674 2202 Κρονίδη.
701 2152 810 2203 [ΟΔ.
843 2154 905 2199 Α,-

213 2214 330 2264 45.].”
378 2214 422 2250 In
457 2214 614 2252 citandis
644 2228 785 2266 quoque
815 2215 897 2254 Ho-

215 2275 365 2314 meridia
368 2276 432 2325 jus
443 2277 490 2313 ab
497 2276 542 2313 iis
548 2284 742 2326 acceptum
750 2279 896 2325 retinet3

216 2339 307 2379 Pac.
337 2344 452 2384 1270.
494 2340 754 2395 Ὀπλοτέρους
787 2343 896 2394 ᾅδων,

216 2401 275 2441 καὶ
289 2401 414 2448 ταῦτ’,
426 2400 454 2439 οἶ
467 2401 545 2454 τρὶς·
557 2402 786 2452 κακόδαιμον.
801 2406 899 2444 Vide

214 2466 315 2506 infra
328 2466 376 2504 ad
394 2478 430 2515 p.
448 2463 540 2503 286.
565 2471 590 2489 “
607 2467 668 2503 Ex
685 2468 899 2506 necessitate

217 2544 306 2570 vero
335 2532 548 2581 hujusmodi
579 2531 744 2583 syllabas
767 2535 902 2584 produ-

219 2600 308 2633 cunt
317 2595 477 2643 Comici,
494 2608 581 2633 cum
591 2596 748 2635 nomina
754 2598 902 2648 propria

221 2669 295 2696 non
311 2657 417 2696 aliter
432 2659 471 2696 in
488 2671 597 2697 versu
622 2664 719 2697 stare
736 2667 900 2710 possunt.

222 2721 310 2760 Ideo
342 2722 536 2775 Κεβριόνα
566 2729 604 2762 et
647 2722 900 2777 Κυπρογένεια

921 297 1062 347 primas
1106 296 1321 347 producunt.
1390 298 1481 343 Av.
1514 299 1606 345 554.

925 361 1083 412 Lysistr.
1111 361 1226 399 551.”
1252 358 1368 398 R..P.
1395 359 1474 404 PR.
1499 359 1601 397 lvi=

923 426 978 473 lx,
989 425 1057 464 lxi.
1082 425 1264 463 Praeclare
1277 424 1608 464 codex-Ravennae.

924 487 1060 525 vulnus
1095 488 1303 538 ceteroquin
1337 485 1611 527 immedicabile

924 551 1074 590 sanavit
1089 552 1127 588 in
1145 552 1234 589 Pac.
1252 556 1344 591 312.
1372 551 1611 594 Εὖλαβεΐσθε

926 614 984 650 νῦν
993 612 1129 650 ἐκεῖνον
1140 614 1210 650 τὸν
1220 613 1387 653 κάτωθεν
1399 612 1611 667 Κέρβερον.

927 676 973 713 In
992 675 1082 726 Lys.
1100 680 1193 719 743.
1216 666 1272 714 Ὠ
1291 672 1430 716 πότνια,
1446 677 1613 718 Εἰλείθυι’

926 740 1085 794 ἐπίσχες
1099 745 1170 778 τοῦ
1183 740 1310 788 τόκου,
1324 747 1360 780 et
1367 742 1511 780 Eccles.
1520 739 1612 787 369.

917 803 973 842 Ὠ
980 803 1115 842 πότνια
1125 805 1305 845 Εἰλείθυια
1308 837 1320 853 ,
1326 805 1378 854 μή
1385 821 1432 854 με
1441 805 1612 859 περιΐδης.

927 870 1222 919 hypertragoedja
1239 882 1376 907 scurrae
1402 871 1520 907 instar
1535 875 1615 908 stu-

926 933 1028 970 diose
1046 945 1133 970 usus
1150 938 1206 970 est
1224 932 1412 971 Comicus.
1446 938 1469 956 “
1485 932 1613 984 Ifany

929 995 1036 1046 thing
1061 996 1096 1034 is
1127 1002 1166 1033 to
1197 997 1237 1034 be
1261 997 1414 1041 altered,
1443 996 1473 1033 Ι
1487 995 1615 1035 should

929 1060 1056 1098 rather
1081 1074 1247 1111 suppose,
1288 1061 1396 1099 Ἀλλ’
1429 1061 1544 1111 ought
1572 1065 1613 1098 to

931 1127 972 1163 be
1001 1126 1167 1175 supplied
1189 1132 1230 1163 at
1261 1126 1321 1164 the
1349 1125 1546 1176 beginning
1573 1124 1623 1175 of

930 1192 992 1230 the
1026 1203 1140 1229 verse.
1194 1191 1231 1228 A
1266 1190 1407 1228 similar
1445 1189 1616 1228 omission

930 1256 996 1294 luis
1022 1245 1208 1306 happened
1231 1255 1270 1293 in
1297 1256 1358 1292 the
1381 1254 1516 1293 Aldine
1542 1253 1618 1290 edi-

931 1321 1010 1359 tion
1044 1320 1092 1372 of
1118 1320 1252 1369 Eur-ip.
1287 1320 1463 1358 Phoeniss.
1502 1317 1617 1357 1806.

930 1389 1080 1435 (1775),
1107 1386 1180 1423 and
1207 1385 1247 1421 in
1270 1397 1375 1432 many
1400 1383 1557 1421 editions
1576 1382 1625 1433 of

931 1452 1000 1491 our
1017 1447 1162 1493 author,
1180 1448 1253 1497 Av.
1275 1445 1391 1490 1693.
1411 1446 1537 1483 ’Ana‘
1551 1460 1618 1493 γα-

932 1511 1037 1559 μικῆν
1054 1510 1216 1564 χλανίδα
1234 1510 1333 1548 δότω
1353 1526 1409 1547 τις·
1433 1509 1540 1563 δεῦρό
1553 1525 1617 1555 μοι

931 1575 1003 1624 (ita
1028 1575 1100 1625 leg.
1129 1587 1174 1612 ex
1198 1573 1319 1612 schol.
1345 1574 1383 1611 in
1404 1586 1440 1611 v.
1462 1571 1619 1623 1565.)”

935 1639 986 1677 R.
1014 1638 1061 1676 P.
1097 1638 1244 1684 Tracts‚
1277 1651 1315 1687 p.
1339 1636 1404 1676 36.
1449 1643 1487 1675 et
1521 1638 1618 1687 apud

935 1703 984 1742 P.
999 1702 1047 1741 P.
1060 1702 1114 1740 D.
1133 1703 1180 1740 ad
1195 1702 1222 1739 l.
1250 1702 1422 1752 AEschyl.
1442 1701 1616 1751 Septheb.

939 1769 1028 1805 152.
1070 1765 1127 1806 'Q
1160 1766 1298 1803 πότνια
1332 1765 1454 1818 ”’ῌρα·
1499 1764 1621 1804 πότνι’

937 1830 983 1869 C.
1000 1828 1198 1868 Bumeius.

991 1895 1044 1933 11.
1074 1893 1197 1933 Semel
1215 1900 1339 1946 —atque
1367 1895 1502 1932 iterum
1538 1908 1623 1945 que-

935 1961 1028 1999 ritur
1078 1960 1311 1998 Ponsonus
1362 1963 1537 2002 nostrum
1576 1971 1623 1996 ne

937 2024 1023 2063 huic
1047 2024 1177 2062 canoni
1201 2024 1349 2074 quidem
1367 2022 1462 2062 ullos
1485 2022 1622 2062 limites

937 2089 1128 2140 posuisse:
1176 2092 1201 2111 “
1220 2087 1416 2126 Dawesius
1443 2099 1623 2126 canonem

938 2153 1064 2203 paullo
1079 2151 1266 2199 temerius,
1291 2157 1334 2190 ut
1350 2152 1457 2199 solet,
1481 2152 1624 2198 stamit,

938 2215 1082 2254 nullam
1104 2214 1292 2266 syllabam
1315 2228 1340 2253 a
1356 2221 1465 2265 poeta
1480 2216 1624 2254 scenico

939 2278 1072 2328 corripi
1097 2292 1218 2329 posse,
1245 2279 1286 2317 in
1310 2291 1384 2329 qua
1406 2284 1626 2318 concurrant

940 2349 1181 2381 consonantes
1204 2343 1275 2391 βλ,
1301 2350 1366 2389 γλ,
1396 2358 1460 2390 ‘W’
1484 2360 1541 2391 γν,
1565 2342 1624 2390 δμ,

941 2408 994 2446 ὃν.
1036 2406 1132 2444 Haec
1150 2406 1276 2457 regula
1292 2406 1505 2457 plerumque
1521 2419 1624 2451 vera,

942 2480 1204 2519 nonnunquam
1237 2470 1286 2507 ab
1322 2470 1516 2520 AEschylo,
1559 2468 1627 2506 So-

943 2531 1087 2581 phocle,
1116 2531 1364 2581 Aristophane
1381 2532 1552 2578 violatur,
1577 2531 1626 2568 ab

947 2596 1132 2645 Euripide,
1166 2596 1286 2644 credo,
1321 2608 1523 2647 nunquam.
1582 2595 1627 2631 In

947 2660 1052 2697 Med.
1073 2664 1187 2700 1252.
1221 2661 1252 2698 si
1274 2666 1400 2699 tamen
1423 2674 1534 2700 sanus
1557 2663 1627 2703 est·

948 2723 1120 2763 Choricae
1161 2723 1318 2764 licentiae
1356 2722 1627 2763 concedendum
