<?xml version="1.0" encoding="UTF-8"?>
<!DOCTYPE html PUBLIC "-//W3C//DTD XHTML 1.0 Transitional//EN"
    "http://www.w3.org/TR/xhtml1/DTD/xhtml1-transitional.dtd">
<html xmlns="http://www.w3.org/1999/xhtml" xml:lang="en" lang="en">
 <head>
  <title>
</title>
<meta http-equiv="Content-Type" content="text/html;charset=utf-8" />
  <meta name='ocr-system' content='tesseract 3.04.00' />
  <meta name='ocr-capabilities' content='ocr_page ocr_carea ocr_par ocr_line ocrx_word'/>
</head>
<body>
  <div class='ocr_page' id='page_1' title='image "./miscellaneacriti00daweuoft_0232.png"; bbox 0 0 1864 3132; ppageno 0'>
   <div class='ocr_carea' id='block_1_1' title="bbox 315 243 1737 420">
    <p class='ocr_par' dir='ltr' id='par_1_1' title="bbox 315 243 1737 420">
     <span class='ocr_line' id='line_1_1' title="bbox 980 243 1080 293; baseline 0.02 -1"><span class='ocrx_word' id='word_1_1' title='bbox 980 243 1080 293; x_wconf 85' lang='lat'><strong>160</strong></span> 
     </span>
     <span class='ocr_line' id='line_1_2' title="bbox 315 324 1737 420; baseline 0.008 -26"><span class='ocrx_word' id='word_1_2' title='bbox 315 345 411 408; x_wconf 80' lang='lat' dir='ltr'><strong>Qui</strong></span> <span class='ocrx_word' id='word_1_3' title='bbox 462 346 607 395; x_wconf 78' lang='lat' dir='ltr'><strong>etiam</strong></span> <span class='ocrx_word' id='word_1_4' title='bbox 658 347 723 397; x_wconf 74' lang='lat' dir='ltr'><strong>ad</strong></span> <span class='ocrx_word' id='word_1_5' title='bbox 769 348 942 414; x_wconf 15' lang='lat' dir='ltr'><strong>locum-</strong></span> <span class='ocrx_word' id='word_1_6' title='bbox 987 355 1020 375; x_wconf 53' lang='grc' dir='ltr'><strong>«τ</strong></span> <span class='ocrx_word' id='word_1_7' title='bbox 1042 351 1118 400; x_wconf 78' lang='lat' dir='ltr'><strong>lta</strong></span> <span class='ocrx_word' id='word_1_8' title='bbox 1174 324 1364 418; x_wconf 63' lang='lat' dir='ltr'><strong>quidein</strong></span> <span class='ocrx_word' id='word_1_9' title='bbox 1417 352 1575 420; x_wconf 81' lang='lat' dir='ltr'><strong>inquit</strong></span> <span class='ocrx_word' id='word_1_10' title='bbox 1626 355 1737 405; x_wconf 85' lang='lat' dir='ltr'><strong>MS.</strong></span> 
     </span>
    </p>
   </div>
   <div class='ocr_carea' id='block_1_2' title="bbox 313 423 963 493">
    <p class='ocr_par' dir='ltr' id='par_1_2' title="bbox 313 423 963 493">
     <span class='ocr_line' id='line_1_3' title="bbox 313 423 963 493; baseline 0.006 -23"><span class='ocrx_word' id='word_1_11' title='bbox 313 428 347 449; x_wconf 84' lang='lat'><strong><em>“</em></strong></span> <span class='ocrx_word' id='word_1_12' title='bbox 368 423 516 472; x_wconf 88' lang='lat' dir='ltr'><strong>Mori.</strong></span> <span class='ocrx_word' id='word_1_13' title='bbox 577 423 725 493; x_wconf 80' lang='lat' dir='ltr'><strong>longe</strong></span> <span class='ocrx_word' id='word_1_14' title='bbox 770 425 963 490; x_wconf 86' lang='lat' dir='ltr'><strong>optime.</strong></span> 
     </span>
    </p>
   </div>
   <div class='ocr_carea' id='block_1_3' title="bbox 183 432 1739 568">
    <p class='ocr_par' dir='ltr' id='par_1_3' title="bbox 183 432 1739 568">
     <span class='ocr_line' id='line_1_4' title="bbox 1036 432 1739 498; baseline 0.009 -23"><span class='ocrx_word' id='word_1_15' title='bbox 1036 443 1186 492; x_wconf 85' lang='lat' dir='ltr'><strong>quare</strong></span> <span class='ocrx_word' id='word_1_16' title='bbox 1230 435 1416 498; x_wconf 78' lang='grc' dir='ltr'>τετραφ</span> <span class='ocrx_word' id='word_1_17' title='bbox 1458 451 1635 495; x_wconf 78' lang='grc' dir='ltr'>αριστ-ος</span> <span class='ocrx_word' id='word_1_18' title='bbox 1677 432 1739 481; x_wconf 78' lang='lat' dir='ltr'><strong>ad</strong></span> 
     </span>
     <span class='ocr_line' id='line_1_5' title="bbox 183 497 1736 568; baseline 0.012 -30"><span class='ocrx_word' id='word_1_19' title='bbox 183 497 277 538; x_wconf 90' lang='grc'><strong>100</strong></span> <span class='ocrx_word' id='word_1_20' title='bbox 313 503 347 524; x_wconf 84' lang='lat'><em>“</em></span> <span class='ocrx_word' id='word_1_21' title='bbox 369 499 396 530; x_wconf 86' lang='lat'><em>*</em></span> <span class='ocrx_word' id='word_1_22' title='bbox 415 498 571 548; x_wconf 86' lang='lat' dir='ltr'><strong>varias</strong></span> <span class='ocrx_word' id='word_1_23' title='bbox 603 499 837 549; x_wconf 89' lang='lat' dir='ltr'><strong>lectiones</strong></span> <span class='ocrx_word' id='word_1_24' title='bbox 871 502 1091 568; x_wconf 83' lang='lat' dir='ltr'><strong>relegare</strong></span> <span class='ocrx_word' id='word_1_25' title='bbox 1126 504 1334 553; x_wconf 87' lang='lat' dir='ltr'><strong>malim.”</strong></span> <span class='ocrx_word' id='word_1_26' title='bbox 1405 505 1541 554; x_wconf 87' lang='lat' dir='ltr'><strong>Idem</strong></span> <span class='ocrx_word' id='word_1_27' title='bbox 1576 514 1736 555; x_wconf 84' lang='lat' dir='ltr'><strong>tamen</strong></span> 
     </span>
    </p>
   </div>
   <div class='ocr_carea' id='block_1_4' title="bbox 310 577 1736 650">
    <p class='ocr_par' dir='ltr' id='par_1_4' title="bbox 310 577 1736 650">
     <span class='ocr_line' id='line_1_6' title="bbox 310 577 1736 650; baseline 0.006 -26"><span class='ocrx_word' id='word_1_28' title='bbox 310 578 372 625; x_wconf 90' lang='lat' dir='ltr'><strong>ad</strong></span> <span class='ocrx_word' id='word_1_29' title='bbox 395 577 598 626; x_wconf 89' lang='lat' dir='ltr'><strong>alterum</strong></span> <span class='ocrx_word' id='word_1_30' title='bbox 624 577 827 627; x_wconf 90' lang='lat' dir='ltr'><strong>Homeri</strong></span> <span class='ocrx_word' id='word_1_31' title='bbox 843 578 999 628; x_wconf 89' lang='lat' dir='ltr'><strong>locum</strong></span> <span class='ocrx_word' id='word_1_32' title='bbox 1023 580 1074 627; x_wconf 92' lang='lat' dir='ltr'><strong>in</strong></span> <span class='ocrx_word' id='word_1_33' title='bbox 1093 581 1314 647; x_wconf 84' lang='lat' dir='ltr'><strong>catalogo</strong></span> <span class='ocrx_word' id='word_1_34' title='bbox 1335 583 1527 631; x_wconf 88' lang='lat' dir='ltr'><strong>navium</strong></span> <span class='ocrx_word' id='word_1_35' title='bbox 1554 582 1736 650; x_wconf 88' lang='lat'><strong>[661.]:</strong></span> 
     </span>
    </p>
   </div>
   <div class='ocr_carea' id='block_1_5' title="bbox 311 654 1566 726">
    <p class='ocr_par' dir='ltr' id='par_1_5' title="bbox 311 654 1566 726">
     <span class='ocr_line' id='line_1_7' title="bbox 311 654 1566 726; baseline 0.006 -24"><span class='ocrx_word' id='word_1_36' title='bbox 311 660 344 679; x_wconf 88' lang='lat'><em>“</em></span> <span class='ocrx_word' id='word_1_37' title='bbox 366 661 522 721; x_wconf 79' lang='grc' dir='ltr'>τραφη</span> <span class='ocrx_word' id='word_1_38' title='bbox 545 654 614 717; x_wconf 79' lang='lat' dir='ltr'><strong>ev]</strong></span> <span class='ocrx_word' id='word_1_39' title='bbox 665 655 741 704; x_wconf 84' lang='lat' dir='ltr'><strong>Ita</strong></span> <span class='ocrx_word' id='word_1_40' title='bbox 774 655 886 722; x_wconf 83' lang='lat' dir='ltr'><strong>lego</strong></span> <span class='ocrx_word' id='word_1_41' title='bbox 916 672 1003 720; x_wconf 93' lang='lat' dir='ltr'><strong>pro</strong></span> <span class='ocrx_word' id='word_1_42' title='bbox 1039 665 1268 722; x_wconf 88' lang='lat' dir='ltr'><strong>corrupto</strong></span> <span class='ocrx_word' id='word_1_43' title='bbox 1302 666 1432 726; x_wconf 80' lang='grc' dir='ltr'>τραφ</span> <span class='ocrx_word' id='word_1_44' title='bbox 1461 666 1566 709; x_wconf 81' lang='grc' dir='ltr'>ενι.”</span> 
     </span>
    </p>
   </div>
   <div class='ocr_carea' id='block_1_6' title="bbox 1636 662 1740 727">
    <p class='ocr_par' dir='ltr' id='par_1_6' title="bbox 1636 662 1740 727">
     <span class='ocr_line' id='line_1_8' title="bbox 1636 662 1740 727; baseline 0 -17"><span class='ocrx_word' id='word_1_45' title='bbox 1636 662 1740 727; x_wconf 86' lang='lat' dir='ltr'><strong>Ag-</strong></span> 
     </span>
    </p>
   </div>
   <div class='ocr_carea' id='block_1_7' title="bbox 310 731 1741 883">
    <p class='ocr_par' dir='ltr' id='par_1_7' title="bbox 310 731 1741 883">
     <span class='ocr_line' id='line_1_9' title="bbox 310 731 1735 798; baseline 0.006 -20"><span class='ocrx_word' id='word_1_46' title='bbox 310 746 457 779; x_wconf 89' lang='lat' dir='ltr'><strong>nosce</strong></span> <span class='ocrx_word' id='word_1_47' title='bbox 480 731 702 790; x_wconf 83' lang='lat' dir='ltr'><strong>hominis,</strong></span> <span class='ocrx_word' id='word_1_48' title='bbox 726 732 766 780; x_wconf 88' lang='lat' dir='ltr'><strong>si</strong></span> <span class='ocrx_word' id='word_1_49' title='bbox 783 733 920 798; x_wconf 74' lang='lat' dir='ltr'><strong>quus</strong></span> <span class='ocrx_word' id='word_1_50' title='bbox 941 733 1077 793; x_wconf 90' lang='lat' dir='ltr'><strong>alius,</strong></span> <span class='ocrx_word' id='word_1_51' title='bbox 1102 735 1366 784; x_wconf 83' lang='lat' dir='ltr'><strong>suavissimi</strong></span> <span class='ocrx_word' id='word_1_52' title='bbox 1391 738 1735 787; x_wconf 83' lang='lat' dir='ltr'><strong>constantiam:</strong></span> 
     </span>
     <span class='ocr_line' id='line_1_10' title="bbox 310 809 1741 883; baseline 0.008 -27"><span class='ocrx_word' id='word_1_53' title='bbox 310 815 441 875; x_wconf 76' lang='grc' dir='ltr'>τραφ</span> <span class='ocrx_word' id='word_1_54' title='bbox 474 809 752 869; x_wconf 81' lang='lat' dir='ltr'><strong>eliminavit,</strong></span> <span class='ocrx_word' id='word_1_55' title='bbox 794 811 908 874; x_wconf 91' lang='lat' dir='ltr'><strong>quia</strong></span> <span class='ocrx_word' id='word_1_56' title='bbox 948 820 1224 876; x_wconf 85' lang='lat' dir='ltr'><strong>corruptum</strong></span> <span class='ocrx_word' id='word_1_57' title='bbox 1266 820 1372 873; x_wconf 89' lang='lat' dir='ltr'><strong>est;</strong></span> <span class='ocrx_word' id='word_1_58' title='bbox 1438 823 1588 883; x_wconf 82' lang='grc' dir='ltr'>ετραφ</span> <span class='ocrx_word' id='word_1_59' title='bbox 1627 819 1741 867; x_wconf 90' lang='lat' dir='ltr'><strong>sub-</strong></span> 
     </span>
    </p>
   </div>
   <div class='ocr_carea' id='block_1_8' title="bbox 310 885 1149 952">
    <p class='ocr_par' dir='ltr' id='par_1_8' title="bbox 310 885 1149 952">
     <span class='ocr_line' id='line_1_11' title="bbox 310 885 1149 952; baseline 0.004 -18"><span class='ocrx_word' id='word_1_60' title='bbox 310 885 479 945; x_wconf 86' lang='lat' dir='ltr'><strong>stituit,</strong></span> <span class='ocrx_word' id='word_1_61' title='bbox 521 889 634 951; x_wconf 93' lang='lat' dir='ltr'><strong>quia</strong></span> <span class='ocrx_word' id='word_1_62' title='bbox 668 888 853 952; x_wconf 87' lang='lat' dir='ltr'><strong>optima</strong></span> <span class='ocrx_word' id='word_1_63' title='bbox 886 895 959 936; x_wconf 89' lang='lat' dir='ltr'><strong>est</strong></span> <span class='ocrx_word' id='word_1_64' title='bbox 991 889 1149 938; x_wconf 88' lang='lat' dir='ltr'><strong>lectio.</strong></span> 
     </span>
    </p>
   </div>
   <div class='ocr_carea' id='block_1_9' title="bbox 1223 890 1738 960">
    <p class='ocr_par' dir='ltr' id='par_1_9' title="bbox 1223 890 1738 960">
     <span class='ocr_line' id='line_1_12' title="bbox 1223 890 1738 960; baseline 0.014 -22"><span class='ocrx_word' id='word_1_65' title='bbox 1223 890 1367 951; x_wconf 86' lang='lat' dir='ltr'><strong>Quod</strong></span> <span class='ocrx_word' id='word_1_66' title='bbox 1399 894 1463 941; x_wconf 85' lang='lat' dir='ltr'><strong>ad</strong></span> <span class='ocrx_word' id='word_1_67' title='bbox 1496 895 1738 960; x_wconf 83' lang='lat' dir='ltr'><strong>vulgatam</strong></span> 
     </span>
    </p>
   </div>
   <div class='ocr_carea' id='block_1_10' title="bbox 308 962 1741 1111">
    <p class='ocr_par' dir='ltr' id='par_1_10' title="bbox 308 962 1741 1111">
     <span class='ocr_line' id='line_1_13' title="bbox 308 962 1739 1037; baseline 0.008 -27"><span class='ocrx_word' id='word_1_68' title='bbox 308 962 567 1011; x_wconf 89' lang='lat' dir='ltr'><strong>lectionem</strong></span> <span class='ocrx_word' id='word_1_69' title='bbox 609 963 797 1022; x_wconf 86' lang='lat' dir='ltr'><strong>attinet,</strong></span> <span class='ocrx_word' id='word_1_70' title='bbox 845 980 954 1012; x_wconf 91' lang='lat' dir='ltr'><strong>cum</strong></span> <span class='ocrx_word' id='word_1_71' title='bbox 998 966 1198 1014; x_wconf 90' lang='lat' dir='ltr'><strong>verbum</strong></span> <span class='ocrx_word' id='word_1_72' title='bbox 1246 976 1458 1033; x_wconf 80' lang='grc' dir='ltr'>τετραφα</span> <span class='ocrx_word' id='word_1_73' title='bbox 1503 987 1739 1037; x_wconf 85' lang='lat' dir='ltr'><strong>nusquam</strong></span> 
     </span>
     <span class='ocr_line' id='line_1_14' title="bbox 310 1040 1741 1111; baseline 0.008 -24"><span class='ocrx_word' id='word_1_74' title='bbox 310 1040 427 1088; x_wconf 89' lang='lat' dir='ltr'><strong>alias</strong></span> <span class='ocrx_word' id='word_1_75' title='bbox 465 1041 749 1103; x_wconf 88' lang='lat' dir='ltr'><strong>reperiatur,</strong></span> <span class='ocrx_word' id='word_1_76' title='bbox 804 1042 1025 1107; x_wconf 90' lang='lat' dir='ltr'><strong>equidem</strong></span> <span class='ocrx_word' id='word_1_77' title='bbox 1071 1044 1115 1091; x_wconf 91' lang='lat' dir='ltr'><strong>ei</strong></span> <span class='ocrx_word' id='word_1_78' title='bbox 1154 1043 1296 1093; x_wconf 89' lang='lat' dir='ltr'><strong>facile</strong></span> <span class='ocrx_word' id='word_1_79' title='bbox 1334 1047 1741 1111; x_wconf 69' lang='lat' dir='ltr'><strong>praetulerim—&lt;ic</strong></span> 
     </span>
    </p>
   </div>
   <div class='ocr_carea' id='block_1_11' title="bbox 310 1114 865 1184">
    <p class='ocr_par' dir='ltr' id='par_1_11' title="bbox 310 1114 865 1184">
     <span class='ocr_line' id='line_1_15' title="bbox 310 1114 865 1184; baseline 0.004 -19"><span class='ocrx_word' id='word_1_80' title='bbox 310 1123 491 1184; x_wconf 85' lang='grc' dir='ltr'>ετραφη</span> <span class='ocrx_word' id='word_1_81' title='bbox 519 1114 646 1165; x_wconf 72' lang='grc' dir='ltr'>ενθαδ</span> <span class='ocrx_word' id='word_1_82' title='bbox 674 1140 865 1183; x_wconf 83' lang='grc' dir='ltr'>αριστος.</span> 
     </span>
    </p>
   </div>
   <div class='ocr_carea' id='block_1_12' title="bbox 311 1206 1742 1340">
    <p class='ocr_par' dir='ltr' id='par_1_12' title="bbox 311 1206 1742 1340">
     <span class='ocr_line' id='line_1_16' title="bbox 380 1206 1739 1272; baseline 0.007 -18"><span class='ocrx_word' id='word_1_83' title='bbox 380 1206 510 1267; x_wconf 82' lang='lat' dir='ltr'><strong>Quid</strong></span> <span class='ocrx_word' id='word_1_84' title='bbox 548 1223 684 1272; x_wconf 85' lang='lat' dir='ltr'><strong>ergo,</strong></span> <span class='ocrx_word' id='word_1_85' title='bbox 722 1208 929 1272; x_wconf 81' lang='lat' dir='ltr'><strong>inquieS,</strong></span> <span class='ocrx_word' id='word_1_86' title='bbox 976 1210 1036 1257; x_wconf 90' lang='lat' dir='ltr'><strong>de</strong></span> <span class='ocrx_word' id='word_1_87' title='bbox 1076 1209 1357 1260; x_wconf 87' lang='lat' dir='ltr'><strong>Callimachi</strong></span> <span class='ocrx_word' id='word_1_88' title='bbox 1395 1213 1503 1262; x_wconf 89' lang='lat' dir='ltr'><strong>loco</strong></span> <span class='ocrx_word' id='word_1_89' title='bbox 1543 1217 1739 1264; x_wconf 89' lang='lat' dir='ltr'><strong>tandem</strong></span> 
     </span>
     <span class='ocr_line' id='line_1_17' title="bbox 311 1281 1742 1340; baseline 0.008 -10"><span class='ocrx_word' id='word_1_90' title='bbox 311 1281 654 1332; x_wconf 77' lang='lat' dir='ltr'><strong>statuendum?</strong></span> <span class='ocrx_word' id='word_1_91' title='bbox 723 1283 771 1332; x_wconf 89' lang='lat' dir='ltr'><strong>Is</strong></span> <span class='ocrx_word' id='word_1_92' title='bbox 793 1300 908 1334; x_wconf 89' lang='lat' dir='ltr'><strong>vero</strong></span> <span class='ocrx_word' id='word_1_93' title='bbox 930 1284 1170 1335; x_wconf 90' lang='lat' dir='ltr'><strong>levissima</strong></span> <span class='ocrx_word' id='word_1_94' title='bbox 1192 1289 1459 1339; x_wconf 85' lang='lat' dir='ltr'><strong>mutatione</strong></span> <span class='ocrx_word' id='word_1_95' title='bbox 1485 1291 1555 1339; x_wconf 89' lang='lat' dir='ltr'><strong>sic</strong></span> <span class='ocrx_word' id='word_1_96' title='bbox 1577 1307 1742 1340; x_wconf 88' lang='lat' dir='ltr'><strong>ernen-</strong></span> 
     </span>
    </p>
   </div>
   <div class='ocr_carea' id='block_1_13' title="bbox 312 1362 652 1426">
    <p class='ocr_par' dir='ltr' id='par_1_13' title="bbox 312 1362 652 1426">
     <span class='ocr_line' id='line_1_18' title="bbox 312 1362 652 1426; baseline 0.003 -17"><span class='ocrx_word' id='word_1_97' title='bbox 312 1362 415 1410; x_wconf 88' lang='lat' dir='ltr'><strong>dari</strong></span> <span class='ocrx_word' id='word_1_98' title='bbox 443 1362 623 1426; x_wconf 90' lang='lat' dir='ltr'><strong>poterit</strong></span> <span class='ocrx_word' id='word_1_99' title='bbox 642 1381 652 1411; x_wconf 90' lang='lat'>:</span> 
     </span>
    </p>
   </div>
   <div class='ocr_carea' id='block_1_14' title="bbox 395 1450 1658 1522">
    <p class='ocr_par' dir='ltr' id='par_1_14' title="bbox 395 1450 1658 1522">
     <span class='ocr_line' id='line_1_19' title="bbox 395 1450 1658 1522; baseline 0.004 -22"><span class='ocrx_word' id='word_1_100' title='bbox 395 1457 528 1500; x_wconf 87' lang='grc' dir='ltr'>Καλα</span> <span class='ocrx_word' id='word_1_101' title='bbox 555 1475 631 1511; x_wconf 82' lang='grc' dir='ltr'><strong>μεν</strong></span> <span class='ocrx_word' id='word_1_102' title='bbox 657 1452 809 1515; x_wconf 74' lang='grc' dir='ltr'>ηεξευζ</span> <span class='ocrx_word' id='word_1_103' title='bbox 868 1459 984 1501; x_wconf 83' lang='grc' dir='ltr'>καλα</span> <span class='ocrx_word' id='word_1_104' title='bbox 1012 1450 1036 1499; x_wconf 74' lang='grc' dir='ltr'><em>δ</em></span> <span class='ocrx_word' id='word_1_105' title='bbox 1065 1459 1258 1520; x_wconf 85' lang='grc' dir='ltr'>ετρεφευ</span> <span class='ocrx_word' id='word_1_106' title='bbox 1269 1454 1327 1514; x_wconf 76' lang='lat'><strong>⁶¹,</strong></span> <span class='ocrx_word' id='word_1_107' title='bbox 1361 1470 1540 1522; x_wconf 40' lang='grc' dir='ltr'><strong>ουρανιεΧ</strong></span> <span class='ocrx_word' id='word_1_108' title='bbox 1558 1463 1658 1507; x_wconf 83' lang='grc' dir='ltr'>Ζευ.</span> 
     </span>
    </p>
   </div>
   <div class='ocr_carea' id='block_1_15' title="bbox 304 1608 1006 2890">
    <p class='ocr_par' dir='ltr' id='par_1_15' title="bbox 311 1608 1003 2236">
     <span class='ocr_line' id='line_1_20' title="bbox 311 1608 1003 1662; baseline -0.006 -11"><span class='ocrx_word' id='word_1_109' title='bbox 311 1611 443 1662; x_wconf 88' lang='lat' dir='ltr'><strong>positio</strong></span> <span class='ocrx_word' id='word_1_110' title='bbox 475 1609 748 1648; x_wconf 86' lang='lat' dir='ltr'><strong>verisimillima</strong></span> <span class='ocrx_word' id='word_1_111' title='bbox 775 1608 869 1646; x_wconf 89' lang='lat' dir='ltr'><strong>mihi</strong></span> <span class='ocrx_word' id='word_1_112' title='bbox 901 1609 1003 1647; x_wconf 86' lang='lat' dir='ltr'><strong>vide-</strong></span> 
     </span>
     <span class='ocr_line' id='line_1_21' title="bbox 312 1673 1003 1729; baseline -0.007 -12"><span class='ocrx_word' id='word_1_113' title='bbox 312 1684 383 1717; x_wconf 78' lang='lat' dir='ltr'><strong>tur.</strong></span> <span class='ocrx_word' id='word_1_114' title='bbox 427 1677 517 1715; x_wconf 91' lang='grc' dir='ltr'><strong>ΟΔ.</strong></span> <span class='ocrx_word' id='word_1_115' title='bbox 538 1677 588 1722; x_wconf 89' lang='grc' dir='ltr'><strong>Κ,</strong></span> <span class='ocrx_word' id='word_1_116' title='bbox 607 1676 810 1720; x_wconf 74' lang='grc' dir='ltr'>417.-ἳ’να</span> <span class='ocrx_word' id='word_1_117' title='bbox 830 1675 866 1712; x_wconf 79' lang='grc' dir='ltr'><strong>τ’</strong></span> <span class='ocrx_word' id='word_1_118' title='bbox 888 1673 1003 1729; x_wconf 82' lang='grc' dir='ltr'>ἐτρα-</span> 
     </span>
     <span class='ocr_line' id='line_1_22' title="bbox 313 1738 1002 1797; baseline -0.007 -15"><span class='ocrx_word' id='word_1_119' title='bbox 313 1743 515 1797; x_wconf 77' lang='grc' dir='ltr'>φεν-θάἀ,</span> <span class='ocrx_word' id='word_1_120' title='bbox 537 1742 730 1795; x_wconf 81' lang='grc' dir='ltr'>τέτραφεν</span> <span class='ocrx_word' id='word_1_121' title='bbox 747 1757 807 1794; x_wconf 67' lang='grc' dir='ltr'><strong>γρ.</strong></span> <span class='ocrx_word' id='word_1_122' title='bbox 829 1739 871 1777; x_wconf 71' lang='grc' dir='ltr'><strong>ἵν’</strong></span> <span class='ocrx_word' id='word_1_123' title='bbox 888 1738 1002 1794; x_wconf 76' lang='grc' dir='ltr'>ἔτρα-</span> 
     </span>
     <span class='ocr_line' id='line_1_23' title="bbox 313 1806 1000 1861; baseline -0.006 -14"><span class='ocrx_word' id='word_1_124' title='bbox 313 1816 388 1861; x_wconf 84' lang='grc' dir='ltr'><strong>φον</strong></span> <span class='ocrx_word' id='word_1_125' title='bbox 423 1809 509 1847; x_wconf 90' lang='lat' dir='ltr'><strong>MS.</strong></span> <span class='ocrx_word' id='word_1_126' title='bbox 545 1807 654 1844; x_wconf 83' lang='lat' dir='ltr'><strong>Harl.</strong></span> <span class='ocrx_word' id='word_1_127' title='bbox 716 1806 825 1856; x_wconf 86' lang='lat' dir='ltr'><strong>Lege,</strong></span> <span class='ocrx_word' id='word_1_128' title='bbox 861 1807 918 1842; x_wconf 74' lang='grc' dir='ltr'><strong>ἵνα</strong></span> <span class='ocrx_word' id='word_1_129' title='bbox 955 1821 1000 1843; x_wconf 78' lang='grc' dir='ltr'><strong>τε</strong></span> 
     </span>
     <span class='ocr_line' id='line_1_24' title="bbox 313 1868 1000 1926; baseline -0.007 -16"><span class='ocrx_word' id='word_1_130' title='bbox 313 1869 701 1926; x_wconf 76' lang='grc' dir='ltr'>τράφεν,-ἔτραφε</span> <span class='ocrx_word' id='word_1_131' title='bbox 746 1868 790 1907; x_wconf 93' lang='lat' dir='ltr'><strong>Il.</strong></span> <span class='ocrx_word' id='word_1_132' title='bbox 826 1870 872 1916; x_wconf 88' lang='grc' dir='ltr'><strong>Φ,</strong></span> <span class='ocrx_word' id='word_1_133' title='bbox 909 1873 1000 1913; x_wconf 83' lang='lat'><strong>279.</strong></span> 
     </span>
     <span class='ocr_line' id='line_1_25' title="bbox 311 1930 1001 1990; baseline -0.001 -19"><span class='ocrx_word' id='word_1_134' title='bbox 311 1933 529 1990; x_wconf 77' lang='grc' dir='ltr'>ἐτραφέτην</span> <span class='ocrx_word' id='word_1_135' title='bbox 548 1932 592 1970; x_wconf 87' lang='lat' dir='ltr'><strong>Il.</strong></span> <span class='ocrx_word' id='word_1_136' title='bbox 608 1932 654 1979; x_wconf 85' lang='lat' dir='ltr'><strong>E,</strong></span> <span class='ocrx_word' id='word_1_137' title='bbox 670 1934 760 1969; x_wconf 88' lang='lat'><em>555.</em></span> <span class='ocrx_word' id='word_1_138' title='bbox 789 1930 1001 1985; x_wconf 73' lang='grc' dir='ltr'>ἐτράφεμεν</span> 
     </span>
     <span class='ocr_line' id='line_1_26' title="bbox 312 1994 999 2050; baseline -0.006 -12"><span class='ocrx_word' id='word_1_139' title='bbox 312 2000 361 2038; x_wconf 88' lang='lat' dir='ltr'><strong>Il.</strong></span> <span class='ocrx_word' id='word_1_140' title='bbox 388 2000 440 2046; x_wconf 68' lang='grc' dir='ltr'><strong>Ψ,</strong></span> <span class='ocrx_word' id='word_1_141' title='bbox 474 2002 536 2036; x_wconf 78' lang='lat'><strong>84.</strong></span> <span class='ocrx_word' id='word_1_142' title='bbox 592 1994 719 2050; x_wconf 80' lang='grc' dir='ltr'>τράφε</span> <span class='ocrx_word' id='word_1_143' title='bbox 757 1995 801 2034; x_wconf 90' lang='lat' dir='ltr'><strong>Il.</strong></span> <span class='ocrx_word' id='word_1_144' title='bbox 834 1996 879 2044; x_wconf 87' lang='grc' dir='ltr'><strong>Β,</strong></span> <span class='ocrx_word' id='word_1_145' title='bbox 907 1995 999 2035; x_wconf 84' lang='lat'><strong>661.</strong></span> 
     </span>
     <span class='ocr_line' id='line_1_27' title="bbox 313 2060 1001 2118; baseline -0.001 -17"><span class='ocrx_word' id='word_1_146' title='bbox 313 2062 443 2118; x_wconf 77' lang='grc' dir='ltr'>τράφη</span> <span class='ocrx_word' id='word_1_147' title='bbox 473 2062 513 2108; x_wconf 88' lang='grc' dir='ltr'><strong>Γ,</strong></span> <span class='ocrx_word' id='word_1_148' title='bbox 533 2065 623 2100; x_wconf 82' lang='lat'><strong>201.</strong></span> <span class='ocrx_word' id='word_1_149' title='bbox 651 2061 699 2108; x_wconf 89' lang='lat' dir='ltr'><strong>A,</strong></span> <span class='ocrx_word' id='word_1_150' title='bbox 718 2064 809 2099; x_wconf 75' lang='lat'><strong>222.</strong></span> <span class='ocrx_word' id='word_1_151' title='bbox 856 2060 1001 2115; x_wconf 81' lang='grc' dir='ltr'>τραφέ-</span> 
     </span>
     <span class='ocr_line' id='line_1_28' title="bbox 312 2124 1000 2176; baseline -0.004 -10"><span class='ocrx_word' id='word_1_152' title='bbox 312 2142 377 2176; x_wconf 86' lang='grc' dir='ltr'><strong>μεν</strong></span> <span class='ocrx_word' id='word_1_153' title='bbox 410 2126 550 2176; x_wconf 90' lang='lat' dir='ltr'><strong>Odyss.</strong></span> <span class='ocrx_word' id='word_1_154' title='bbox 576 2125 619 2172; x_wconf 85' lang='grc' dir='ltr'><strong>Γ,</strong></span> <span class='ocrx_word' id='word_1_155' title='bbox 647 2129 712 2163; x_wconf 80' lang='lat'><strong>28.</strong></span> <span class='ocrx_word' id='word_1_156' title='bbox 757 2125 803 2162; x_wconf 94' lang='lat' dir='ltr'><strong>Il.</strong></span> <span class='ocrx_word' id='word_1_157' title='bbox 828 2124 882 2172; x_wconf 91' lang='lat' dir='ltr'><strong>H,</strong></span> <span class='ocrx_word' id='word_1_158' title='bbox 911 2129 1000 2170; x_wconf 83' lang='lat'><strong>199.</strong></span> 
     </span>
     <span class='ocr_line' id='line_1_29' title="bbox 314 2187 470 2236; baseline 0 -9"><span class='ocrx_word' id='word_1_159' title='bbox 314 2191 359 2236; x_wconf 91' lang='grc' dir='ltr'><strong>Σ,</strong></span> <span class='ocrx_word' id='word_1_160' title='bbox 377 2187 470 2227; x_wconf 85' lang='grc'><strong>436.</strong></span> 
     </span>
    </p>

    <p class='ocr_par' dir='ltr' id='par_1_16' title="bbox 304 2255 1006 2890">
     <span class='ocr_line' id='line_1_30' title="bbox 366 2255 1002 2309; baseline 0 -15"><span class='ocrx_word' id='word_1_161' title='bbox 366 2255 431 2294; x_wconf 86' lang='grc'><strong>61.</strong></span> <span class='ocrx_word' id='word_1_162' title='bbox 460 2258 651 2309; x_wconf 77' lang='grc' dir='ltr'>ετρεφευ,]</span> <span class='ocrx_word' id='word_1_163' title='bbox 696 2255 807 2306; x_wconf 84' lang='lat' dir='ltr'><strong>Lege,</strong></span> <span class='ocrx_word' id='word_1_164' title='bbox 836 2255 1002 2309; x_wconf 67' lang='grc' dir='ltr'>ἔδραμες,</span> 
     </span>
     <span class='ocr_line' id='line_1_31' title="bbox 314 2320 1005 2376; baseline 0 -16"><span class='ocrx_word' id='word_1_165' title='bbox 314 2322 374 2360; x_wconf 89' lang='lat' dir='ltr'><strong>vel</strong></span> <span class='ocrx_word' id='word_1_166' title='bbox 397 2321 468 2359; x_wconf 82' lang='grc' dir='ltr'><em>α’νά</em></span> <span class='ocrx_word' id='word_1_167' title='bbox 493 2324 528 2359; x_wconf 81' lang='grc' dir='ltr'><strong>τ’</strong></span> <span class='ocrx_word' id='word_1_168' title='bbox 551 2321 718 2376; x_wconf 72' lang='grc' dir='ltr'>ἔδραμες,</span> <span class='ocrx_word' id='word_1_169' title='bbox 745 2321 818 2368; x_wconf 81' lang='lat' dir='ltr'><strong>vel,</strong></span> <span class='ocrx_word' id='word_1_170' title='bbox 848 2321 906 2358; x_wconf 66' lang='lat' dir='ltr'><strong>xa}</strong></span> <span class='ocrx_word' id='word_1_171' title='bbox 925 2320 1005 2360; x_wconf 81' lang='grc' dir='ltr'><em>α’νέ-</em></span> 
     </span>
     <span class='ocr_line' id='line_1_32' title="bbox 313 2385 1004 2439; baseline 0 -15"><span class='ocrx_word' id='word_1_172' title='bbox 313 2386 460 2439; x_wconf 71' lang='grc' dir='ltr'>δραμες.</span> <span class='ocrx_word' id='word_1_173' title='bbox 503 2386 678 2436; x_wconf 83' lang='lat' dir='ltr'><strong>Toupius.</strong></span> <span class='ocrx_word' id='word_1_174' title='bbox 725 2387 763 2424; x_wconf 91' lang='lat' dir='ltr'><strong>in</strong></span> <span class='ocrx_word' id='word_1_175' title='bbox 800 2385 1004 2435; x_wconf 88' lang='lat' dir='ltr'><strong>exemplari</strong></span> 
     </span>
     <span class='ocr_line' id='line_1_33' title="bbox 314 2451 1005 2502; baseline -0.003 -11"><span class='ocrx_word' id='word_1_176' title='bbox 314 2464 380 2491; x_wconf 89' lang='lat' dir='ltr'><strong>suo</strong></span> <span class='ocrx_word' id='word_1_177' title='bbox 400 2451 450 2489; x_wconf 90' lang='lat' dir='ltr'><strong>D.</strong></span> <span class='ocrx_word' id='word_1_178' title='bbox 471 2451 519 2491; x_wconf 91' lang='lat' dir='ltr'><strong>R.</strong></span> <span class='ocrx_word' id='word_1_179' title='bbox 540 2451 610 2501; x_wconf 88' lang='lat' dir='ltr'><strong>Ep.</strong></span> <span class='ocrx_word' id='word_1_180' title='bbox 632 2452 694 2490; x_wconf 89' lang='lat' dir='ltr'><strong>Cr.</strong></span> <span class='ocrx_word' id='word_1_181' title='bbox 713 2453 768 2490; x_wconf 89' lang='lat' dir='ltr'><strong>ed.</strong></span> <span class='ocrx_word' id='word_1_182' title='bbox 786 2466 840 2502; x_wconf 87' lang='lat' dir='ltr'><strong>pr.</strong></span> <span class='ocrx_word' id='word_1_183' title='bbox 896 2456 919 2475; x_wconf 91' lang='lat'><strong><em>“</em></strong></span> <span class='ocrx_word' id='word_1_184' title='bbox 936 2451 1005 2489; x_wconf 86' lang='lat' dir='ltr'><strong>Ul-</strong></span> 
     </span>
     <span class='ocr_line' id='line_1_34' title="bbox 313 2515 1005 2566; baseline 0 -13"><span class='ocrx_word' id='word_1_185' title='bbox 313 2515 408 2553; x_wconf 79' lang='lat' dir='ltr'><strong>tima</strong></span> <span class='ocrx_word' id='word_1_186' title='bbox 443 2516 649 2553; x_wconf 86' lang='lat' dir='ltr'><strong>emendatio</strong></span> <span class='ocrx_word' id='word_1_187' title='bbox 685 2520 797 2566; x_wconf 72' lang='lat' dir='ltr'><strong>po&#39;eta</strong></span> <span class='ocrx_word' id='word_1_188' title='bbox 837 2516 1005 2554; x_wconf 85' lang='lat' dir='ltr'><strong>Alexan-</strong></span> 
     </span>
     <span class='ocr_line' id='line_1_35' title="bbox 313 2580 1004 2630; baseline 0 -12"><span class='ocrx_word' id='word_1_189' title='bbox 313 2581 418 2619; x_wconf 88' lang='lat' dir='ltr'><strong>drino</strong></span> <span class='ocrx_word' id='word_1_190' title='bbox 461 2581 594 2630; x_wconf 83' lang='lat' dir='ltr'><strong>digna3</strong></span> <span class='ocrx_word' id='word_1_191' title='bbox 651 2585 690 2618; x_wconf 85' lang='lat' dir='ltr'><strong>at</strong></span> <span class='ocrx_word' id='word_1_192' title='bbox 733 2580 916 2618; x_wconf 86' lang='lat' dir='ltr'><strong>medicina</strong></span> <span class='ocrx_word' id='word_1_193' title='bbox 961 2580 1004 2618; x_wconf 86' lang='lat' dir='ltr'><strong>fit</strong></span> 
     </span>
     <span class='ocr_line' id='line_1_36' title="bbox 315 2644 1003 2690; baseline 0 -7"><span class='ocrx_word' id='word_1_194' title='bbox 315 2650 488 2690; x_wconf 83' lang='lat' dir='ltr'><strong>mortuo3</strong></span> <span class='ocrx_word' id='word_1_195' title='bbox 530 2644 656 2682; x_wconf 89' lang='lat' dir='ltr'><strong>videor</strong></span> <span class='ocrx_word' id='word_1_196' title='bbox 679 2646 772 2683; x_wconf 89' lang='lat' dir='ltr'><strong>mihi</strong></span> <span class='ocrx_word' id='word_1_197' title='bbox 802 2645 1003 2684; x_wconf 85' lang='lat' dir='ltr'><strong>Christiani</strong></span> 
     </span>
     <span class='ocr_line' id='line_1_37' title="bbox 315 2709 1002 2755; baseline 0 -8"><span class='ocrx_word' id='word_1_198' title='bbox 315 2709 477 2748; x_wconf 87' lang='lat' dir='ltr'><strong>hominis</strong></span> <span class='ocrx_word' id='word_1_199' title='bbox 505 2722 659 2746; x_wconf 84' lang='lat' dir='ltr'><strong>manum</strong></span> <span class='ocrx_word' id='word_1_200' title='bbox 690 2710 855 2747; x_wconf 89' lang='lat' dir='ltr'><strong>suborari</strong></span> <span class='ocrx_word' id='word_1_201' title='bbox 873 2710 1002 2755; x_wconf 79' lang='lat' dir='ltr'><strong>3—sed</strong></span> 
     </span>
     <span class='ocr_line' id='line_1_38' title="bbox 304 2773 1003 2827; baseline 0.003 -16"><span class='ocrx_word' id='word_1_202' title='bbox 304 2773 417 2827; x_wconf 79' lang='lat' dir='ltr'><strong>fallit</strong></span> <span class='ocrx_word' id='word_1_203' title='bbox 455 2779 490 2811; x_wconf 85' lang='lat' dir='ltr'><strong>te</strong></span> <span class='ocrx_word' id='word_1_204' title='bbox 524 2773 710 2811; x_wconf 80' lang='lat' dir='ltr'><strong>incautum</strong></span> <span class='ocrx_word' id='word_1_205' title='bbox 752 2775 874 2823; x_wconf 77' lang='lat' dir='ltr'><strong>pietas</strong></span> <span class='ocrx_word' id='word_1_206' title='bbox 912 2781 1003 2820; x_wconf 79' lang='lat' dir='ltr'><strong>tua,-</strong></span> 
     </span>
     <span class='ocr_line' id='line_1_39' title="bbox 319 2838 1006 2890; baseline 0.006 -13"><span class='ocrx_word' id='word_1_207' title='bbox 319 2852 469 2880; x_wconf 81' lang='lat' dir='ltr'><strong>versurn</strong></span> <span class='ocrx_word' id='word_1_208' title='bbox 495 2838 594 2879; x_wconf 81' lang='lat' dir='ltr'><strong>enim</strong></span> <span class='ocrx_word' id='word_1_209' title='bbox 623 2839 896 2890; x_wconf 82' lang='lat' dir='ltr'><strong>putidissimum</strong></span> <span class='ocrx_word' id='word_1_210' title='bbox 923 2847 1006 2881; x_wconf 83' lang='lat' dir='ltr'><strong>tan-</strong></span> 
     </span>
    </p>
   </div>
   <div class='ocr_carea' id='block_1_16' title="bbox 1053 1610 1749 2912">
    <p class='ocr_par' dir='ltr' id='par_1_17' title="bbox 1053 1610 1749 2912">
     <span class='ocr_line' id='line_1_40' title="bbox 1058 1610 1749 1660; baseline 0.006 -13"><span class='ocrx_word' id='word_1_211' title='bbox 1058 1622 1170 1660; x_wconf 89' lang='lat' dir='ltr'><strong>quam</strong></span> <span class='ocrx_word' id='word_1_212' title='bbox 1238 1610 1483 1649; x_wconf 77' lang='lat' dir='ltr'><strong>adulterinum</strong></span> <span class='ocrx_word' id='word_1_213' title='bbox 1549 1617 1749 1651; x_wconf 78' lang='lat' dir='ltr'><strong>notaverat</strong></span> 
     </span>
     <span class='ocr_line' id='line_1_41' title="bbox 1057 1672 1742 1727; baseline 0.004 -16"><span class='ocrx_word' id='word_1_214' title='bbox 1057 1672 1182 1712; x_wconf 83' lang='lat' dir='ltr'><strong>D.&#39;R.</strong></span> <span class='ocrx_word' id='word_1_215' title='bbox 1215 1674 1286 1725; x_wconf 86' lang='lat' dir='ltr'><strong>Ep.</strong></span> <span class='ocrx_word' id='word_1_216' title='bbox 1309 1675 1373 1713; x_wconf 89' lang='lat' dir='ltr'><strong>Cr.</strong></span> <span class='ocrx_word' id='word_1_217' title='bbox 1390 1679 1534 1725; x_wconf 78' lang='lat' dir='ltr'><strong>p.132.</strong></span> <span class='ocrx_word' id='word_1_218' title='bbox 1579 1688 1689 1727; x_wconf 87' lang='lat' dir='ltr'><strong>quem</strong></span> <span class='ocrx_word' id='word_1_219' title='bbox 1718 1688 1742 1714; x_wconf 84' lang='lat' dir='ltr'><strong>a</strong></span> 
     </span>
     <span class='ocr_line' id='line_1_42' title="bbox 1056 1739 1742 1791; baseline 0.006 -15"><span class='ocrx_word' id='word_1_220' title='bbox 1056 1739 1177 1777; x_wconf 88' lang='lat' dir='ltr'><strong>verbis</strong></span> <span class='ocrx_word' id='word_1_221' title='bbox 1204 1739 1255 1777; x_wconf 90' lang='lat' dir='ltr'><strong>D.</strong></span> <span class='ocrx_word' id='word_1_222' title='bbox 1275 1739 1386 1777; x_wconf 89' lang='lat' dir='ltr'><strong>Lucae</strong></span> <span class='ocrx_word' id='word_1_223' title='bbox 1412 1752 1442 1787; x_wconf 84' lang='lat'><strong>1,</strong></span> <span class='ocrx_word' id='word_1_224' title='bbox 1461 1744 1526 1780; x_wconf 87' lang='lat'><strong>80.</strong></span> <span class='ocrx_word' id='word_1_225' title='bbox 1561 1741 1606 1784; x_wconf 84' lang='lat' dir='ltr'><strong>in</strong></span> <span class='ocrx_word' id='word_1_226' title='bbox 1633 1741 1742 1791; x_wconf 82' lang='lat' dir='ltr'><strong>pedes</strong></span> 
     </span>
     <span class='ocr_line' id='line_1_43' title="bbox 1055 1802 1745 1842; baseline 0.003 -2"><span class='ocrx_word' id='word_1_227' title='bbox 1055 1804 1194 1841; x_wconf 87' lang='lat' dir='ltr'><strong>coactis</strong></span> <span class='ocrx_word' id='word_1_228' title='bbox 1219 1802 1379 1841; x_wconf 88' lang='lat' dir='ltr'><strong>multum</strong></span> <span class='ocrx_word' id='word_1_229' title='bbox 1403 1804 1550 1842; x_wconf 84' lang='lat' dir='ltr'><strong>nitendo</strong></span> <span class='ocrx_word' id='word_1_230' title='bbox 1572 1804 1745 1842; x_wconf 83' lang='lat' dir='ltr'><strong>edolave-</strong></span> 
     </span>
     <span class='ocr_line' id='line_1_44' title="bbox 1055 1866 1745 1918; baseline 0.004 -14"><span class='ocrx_word' id='word_1_231' title='bbox 1055 1868 1146 1906; x_wconf 86' lang='lat' dir='ltr'><strong>rat.&#39;&#39;</strong></span> <span class='ocrx_word' id='word_1_232' title='bbox 1193 1866 1300 1904; x_wconf 85' lang='lat' dir='ltr'><strong>Conf.</strong></span> <span class='ocrx_word' id='word_1_233' title='bbox 1319 1868 1406 1905; x_wconf 93' lang='lat' dir='ltr'><strong>Act.</strong></span> <span class='ocrx_word' id='word_1_234' title='bbox 1422 1867 1474 1905; x_wconf 87' lang='lat' dir='ltr'><strong>D.</strong></span> <span class='ocrx_word' id='word_1_235' title='bbox 1488 1868 1624 1918; x_wconf 88' lang='lat' dir='ltr'><strong>Apost.</strong></span> <span class='ocrx_word' id='word_1_236' title='bbox 1641 1880 1745 1916; x_wconf 79' lang='lat' dir='ltr'><strong>xxx,</strong></span> 
     </span>
     <span class='ocr_line' id='line_1_45' title="bbox 1053 1932 1745 1985; baseline 0.004 -15"><span class='ocrx_word' id='word_1_237' title='bbox 1053 1937 1092 1978; x_wconf 88' lang='lat'><strong>9.</strong></span> <span class='ocrx_word' id='word_1_238' title='bbox 1149 1933 1220 1971; x_wconf 86' lang='lat' dir='ltr'><strong>Sed</strong></span> <span class='ocrx_word' id='word_1_239' title='bbox 1245 1932 1307 1970; x_wconf 92' lang='lat' dir='ltr'><strong>hic</strong></span> <span class='ocrx_word' id='word_1_240' title='bbox 1325 1945 1453 1971; x_wconf 87' lang='lat' dir='ltr'><strong>versus</strong></span> <span class='ocrx_word' id='word_1_241' title='bbox 1477 1945 1564 1971; x_wconf 84' lang='lat' dir='ltr'><strong>cum</strong></span> <span class='ocrx_word' id='word_1_242' title='bbox 1580 1935 1745 1985; x_wconf 76' lang='lat' dir='ltr'><strong>sequenti</strong></span> 
     </span>
     <span class='ocr_line' id='line_1_46' title="bbox 1054 1995 1743 2046; baseline 0.006 -13"><span class='ocrx_word' id='word_1_243' title='bbox 1054 1996 1270 2046; x_wconf 87' lang='lat' dir='ltr'><strong>conjunctus</strong></span> <span class='ocrx_word' id='word_1_244' title='bbox 1289 1995 1522 2046; x_wconf 88' lang='lat' dir='ltr'><strong>perpulcram</strong></span> <span class='ocrx_word' id='word_1_245' title='bbox 1546 1997 1743 2037; x_wconf 69' lang='lat' dir='ltr'><strong>elimacem</strong></span> 
     </span>
     <span class='ocr_line' id='line_1_47' title="bbox 1055 2061 1742 2112; baseline 0.007 -15"><span class='ocrx_word' id='word_1_246' title='bbox 1055 2061 1274 2112; x_wconf 86' lang='lat' dir='ltr'><strong>quibusdam</strong></span> <span class='ocrx_word' id='word_1_247' title='bbox 1302 2061 1521 2100; x_wconf 80' lang='lat' dir='ltr'><strong>constituere</strong></span> <span class='ocrx_word' id='word_1_248' title='bbox 1552 2062 1742 2111; x_wconf 67' lang='lat' dir='ltr'><strong>videatur:</strong></span> 
     </span>
     <span class='ocr_line' id='line_1_48' title="bbox 1054 2126 1742 2178; baseline 0.006 -14"><span class='ocrx_word' id='word_1_249' title='bbox 1054 2126 1106 2165; x_wconf 88' lang='lat' dir='ltr'><strong>nil</strong></span> <span class='ocrx_word' id='word_1_250' title='bbox 1125 2127 1301 2165; x_wconf 86' lang='lat' dir='ltr'><strong>admirari</strong></span> <span class='ocrx_word' id='word_1_251' title='bbox 1318 2140 1384 2165; x_wconf 89' lang='lat' dir='ltr'><strong>nos</strong></span> <span class='ocrx_word' id='word_1_252' title='bbox 1403 2128 1512 2178; x_wconf 87' lang='lat' dir='ltr'><strong>jubet</strong></span> <span class='ocrx_word' id='word_1_253' title='bbox 1537 2127 1714 2168; x_wconf 81' lang='lat' dir='ltr'><strong>Horatius</strong></span> <span class='ocrx_word' id='word_1_254' title='bbox 1731 2144 1742 2176; x_wconf 89' lang='grc'><strong>;</strong></span> 
     </span>
     <span class='ocr_line' id='line_1_49' title="bbox 1055 2193 1743 2244; baseline 0.006 -14"><span class='ocrx_word' id='word_1_255' title='bbox 1055 2198 1091 2231; x_wconf 86' lang='lat' dir='ltr'><strong>et</strong></span> <span class='ocrx_word' id='word_1_256' title='bbox 1117 2206 1191 2231; x_wconf 92' lang='lat' dir='ltr'><strong>non</strong></span> <span class='ocrx_word' id='word_1_257' title='bbox 1217 2193 1250 2231; x_wconf 90' lang='lat' dir='ltr'><strong>is</strong></span> <span class='ocrx_word' id='word_1_258' title='bbox 1282 2206 1365 2230; x_wconf 89' lang='lat' dir='ltr'><strong>sum</strong></span> <span class='ocrx_word' id='word_1_259' title='bbox 1397 2198 1439 2231; x_wconf 91' lang='lat' dir='ltr'><strong>ut</strong></span> <span class='ocrx_word' id='word_1_260' title='bbox 1466 2193 1565 2231; x_wconf 88' lang='lat' dir='ltr'><strong>hunc</strong></span> <span class='ocrx_word' id='word_1_261' title='bbox 1593 2207 1743 2244; x_wconf 67' lang='lat' dir='ltr'><strong>poeseos</strong></span> 
     </span>
     <span class='ocr_line' id='line_1_50' title="bbox 1055 2257 1742 2310; baseline 0.004 -14"><span class='ocrx_word' id='word_1_262' title='bbox 1055 2263 1205 2310; x_wconf 87' lang='lat' dir='ltr'><strong>gustum</strong></span> <span class='ocrx_word' id='word_1_263' title='bbox 1251 2257 1455 2296; x_wconf 89' lang='lat' dir='ltr'><strong>convellere</strong></span> <span class='ocrx_word' id='word_1_264' title='bbox 1502 2259 1742 2310; x_wconf 84' lang='lat' dir='ltr'><strong>aggrederer:</strong></span> 
     </span>
     <span class='ocr_line' id='line_1_51' title="bbox 1055 2323 1742 2374; baseline 0.004 -14"><span class='ocrx_word' id='word_1_265' title='bbox 1055 2324 1087 2361; x_wconf 87' lang='lat' dir='ltr'><strong>si</strong></span> <span class='ocrx_word' id='word_1_266' title='bbox 1124 2323 1348 2374; x_wconf 86' lang='lat' dir='ltr'><strong>AEschylum</strong></span> <span class='ocrx_word' id='word_1_267' title='bbox 1391 2328 1427 2360; x_wconf 87' lang='lat' dir='ltr'><strong>et</strong></span> <span class='ocrx_word' id='word_1_268' title='bbox 1463 2323 1742 2363; x_wconf 83' lang='lat' dir='ltr'><strong>Callimachum</strong></span> 
     </span>
     <span class='ocr_line' id='line_1_52' title="bbox 1056 2386 1744 2436; baseline 0.004 -13"><span class='ocrx_word' id='word_1_269' title='bbox 1056 2386 1128 2423; x_wconf 91' lang='lat' dir='ltr'><strong>hac</strong></span> <span class='ocrx_word' id='word_1_270' title='bbox 1165 2387 1203 2423; x_wconf 91' lang='lat' dir='ltr'><strong>in</strong></span> <span class='ocrx_word' id='word_1_271' title='bbox 1239 2399 1277 2424; x_wconf 90' lang='lat' dir='ltr'><strong>re</strong></span> <span class='ocrx_word' id='word_1_272' title='bbox 1311 2399 1582 2436; x_wconf 84' lang='lat' dir='ltr'><strong>comparemus,</strong></span> <span class='ocrx_word' id='word_1_273' title='bbox 1630 2388 1744 2435; x_wconf 85' lang='lat' dir='ltr'><strong>hunc,</strong></span> 
     </span>
     <span class='ocr_line' id='line_1_53' title="bbox 1057 2450 1745 2502; baseline 0.001 -15"><span class='ocrx_word' id='word_1_274' title='bbox 1057 2450 1179 2497; x_wconf 88' lang='lat' dir='ltr'><strong>credo,</strong></span> <span class='ocrx_word' id='word_1_275' title='bbox 1214 2450 1382 2499; x_wconf 83' lang='lat' dir='ltr'><strong>palmam</strong></span> <span class='ocrx_word' id='word_1_276' title='bbox 1412 2463 1436 2488; x_wconf 86' lang='lat' dir='ltr'><strong>a</strong></span> <span class='ocrx_word' id='word_1_277' title='bbox 1465 2451 1651 2501; x_wconf 83' lang='lat' dir='ltr'><strong>tragoediae</strong></span> <span class='ocrx_word' id='word_1_278' title='bbox 1681 2465 1745 2502; x_wconf 80' lang='lat' dir='ltr'><strong>pa-</strong></span> 
     </span>
     <span class='ocr_line' id='line_1_54' title="bbox 1057 2515 1746 2566; baseline 0.004 -14"><span class='ocrx_word' id='word_1_279' title='bbox 1057 2521 1157 2554; x_wconf 87' lang='lat' dir='ltr'><strong>rente</strong></span> <span class='ocrx_word' id='word_1_280' title='bbox 1193 2517 1261 2553; x_wconf 91' lang='lat' dir='ltr'><strong>sub</strong></span> <span class='ocrx_word' id='word_1_281' title='bbox 1299 2515 1484 2566; x_wconf 85' lang='lat' dir='ltr'><strong>judicibus</strong></span> <span class='ocrx_word' id='word_1_282' title='bbox 1517 2516 1630 2566; x_wconf 84' lang='lat' dir='ltr'><strong>aequis</strong></span> <span class='ocrx_word' id='word_1_283' title='bbox 1671 2529 1746 2555; x_wconf 88' lang='lat' dir='ltr'><strong>non</strong></span> 
     </span>
     <span class='ocr_line' id='line_1_55' title="bbox 1057 2580 1745 2629; baseline 0.004 -12"><span class='ocrx_word' id='word_1_284' title='bbox 1057 2580 1207 2618; x_wconf 89' lang='lat' dir='ltr'><strong>omnino</strong></span> <span class='ocrx_word' id='word_1_285' title='bbox 1253 2585 1437 2629; x_wconf 79' lang='lat' dir='ltr'><strong>reportare</strong></span> <span class='ocrx_word' id='word_1_286' title='bbox 1481 2591 1602 2629; x_wconf 84' lang='lat' dir='ltr'><strong>posse,</strong></span> <span class='ocrx_word' id='word_1_287' title='bbox 1650 2581 1745 2620; x_wconf 83' lang='lat' dir='ltr'><strong>mihi</strong></span> 
     </span>
     <span class='ocr_line' id='line_1_56' title="bbox 1058 2644 1744 2696; baseline 0.003 -13"><span class='ocrx_word' id='word_1_288' title='bbox 1058 2646 1185 2684; x_wconf 83' lang='lat' dir='ltr'><strong>saltim</strong></span> <span class='ocrx_word' id='word_1_289' title='bbox 1209 2646 1357 2683; x_wconf 88' lang='lat' dir='ltr'><strong>innuere</strong></span> <span class='ocrx_word' id='word_1_290' title='bbox 1374 2644 1520 2683; x_wconf 83' lang='lat' dir='ltr'><strong>licebit:</strong></span> <span class='ocrx_word' id='word_1_291' title='bbox 1570 2646 1744 2696; x_wconf 82' lang='lat' dir='ltr'><strong>Septheb.</strong></span> 
     </span>
     <span class='ocr_line' id='line_1_57' title="bbox 1058 2706 1744 2761; baseline 0.003 -15"><span class='ocrx_word' id='word_1_292' title='bbox 1058 2707 1149 2746; x_wconf 88' lang='lat'><strong>661.</strong></span> <span class='ocrx_word' id='word_1_293' title='bbox 1195 2707 1302 2747; x_wconf 83' lang='grc' dir='ltr'>Ἀλλ’</span> <span class='ocrx_word' id='word_1_294' title='bbox 1347 2706 1436 2745; x_wconf 77' lang='grc' dir='ltr'>οὔτε</span> <span class='ocrx_word' id='word_1_295' title='bbox 1479 2725 1528 2747; x_wconf 86' lang='grc' dir='ltr'><strong>νιν</strong></span> <span class='ocrx_word' id='word_1_296' title='bbox 1571 2709 1744 2761; x_wconf 71' lang='grc' dir='ltr'><strong><em>φυγόντα</em></strong></span> 
     </span>
     <span class='ocr_line' id='line_1_58' title="bbox 1057 2771 1746 2827; baseline 0.001 -16"><span class='ocrx_word' id='word_1_297' title='bbox 1057 2771 1246 2827; x_wconf 76' lang='grc' dir='ltr'>μητρόθεν</span> <span class='ocrx_word' id='word_1_298' title='bbox 1277 2772 1431 2819; x_wconf 77' lang='grc' dir='ltr'><strong><em>σκότον,</em></strong></span> <span class='ocrx_word' id='word_1_299' title='bbox 1463 2771 1560 2811; x_wconf 76' lang='grc' dir='ltr'><strong>Οῧτ’</strong></span> <span class='ocrx_word' id='word_1_300' title='bbox 1587 2772 1627 2813; x_wconf 75' lang='grc' dir='ltr'><strong>ἔν</strong></span> <span class='ocrx_word' id='word_1_301' title='bbox 1655 2777 1746 2827; x_wconf 70' lang='grc' dir='ltr'><strong>τρό-</strong></span> 
     </span>
     <span class='ocr_line' id='line_1_59' title="bbox 1057 2835 1746 2912; baseline -0.001 -35"><span class='ocrx_word' id='word_1_302' title='bbox 1057 2844 1201 2890; x_wconf 82' lang='grc' dir='ltr'><strong><em>φαῖσιν,</em></strong></span> <span class='ocrx_word' id='word_1_303' title='bbox 1249 2835 1328 2877; x_wconf 74' lang='grc' dir='ltr'><strong>οὔτ’</strong></span> <span class='ocrx_word' id='word_1_304' title='bbox 1370 2836 1630 2890; x_wconf 71' lang='grc' dir='ltr'>ἐφηβήσαντά</span> <span class='ocrx_word' id='word_1_305' title='bbox 1672 2854 1746 2912; x_wconf 51' lang='grc' dir='ltr'><strong>ττι,</strong></span> 
     </span>
    </p>
   </div>
  </div>
 </body>
</html>
