1864 3132
213 449 278 490 38

1008 181 1078 229 66

320 287 375 330 ut
398 288 668 347 praestaret,
705 301 764 333 eo
787 287 1122 352 angustiarum
1157 304 1311 354 usque
1335 292 1559 341 redactus
1581 299 1669 352 est,
1705 300 1760 342 ut

300 361 369 419 ¹in
393 369 604 428 στροφην
625 363 831 426 primam
856 381 947 429 pro
971 388 1071 414 ναον
1094 368 1336 431 receperit
1354 391 1455 418 νεων
1471 370 1758 418 vocabulum

319 438 634 501 scriptoribus
659 455 757 487 non
782 440 873 488 nisi
898 440 1071 490 Atticis
1103 443 1131 473 *
1146 452 1447 507 usurpatum.
1508 445 1606 494 Sed
1628 454 1684 497 ut
1705 453 1759 495 ut

316 533 346 563 a
369 533 483 564 vero
507 516 805 566 aberraverit
839 520 913 567 vir
948 520 1132 577 doctuS,
1175 522 1375 569 metrica
1411 529 1572 570 tamen
1612 539 1757 587 quam

315 597 467 644 voluit
490 597 614 645 ratio
651 599 694 645 ei
725 614 870 662 quam
906 600 1167 647 commenti
1190 608 1303 649 sunt
1326 603 1536 650 editores
1561 604 1755 654 Oxonn.

315 676 409 722 hoc
433 681 566 723 certe
590 676 786 724 nomine
809 677 1129 724 anteferenda
1152 678 1300 737 venit,
1337 681 1468 743 quod

871 802 1097 843 servetur
1119 796 1188 845 ad
1209 797 1363 844 imum

388 871 566 932 Qualis
589 872 651 921 ab
677 872 868 937 incepto
887 873 1202 936 processerit,
1239 875 1312 923 et¹
1346 875 1442 923 sibi
1464 883 1663 925 constet.

313 995 379 1044 Hi
399 1003 570 1044 contra
593 996 802 1059 primum
845 996 1019 1059 pedem
1060 996 1204 1044 modo
1239 997 1573 1056 ditrochaeum,
1614 998 1758 1046 modo

313 1073 560 1136 epitritum
599 1079 825 1136 quartum
862 1073 1280 1135 repraeseutantz²
1331 1075 1380 1121 id
1419 1076 1550 1137 quod
1589 1082 1752 1124 tamen

313 1165 375 1198 ne
418 1166 479 1196 ex
525 1165 584 1195 ea
630 1148 825 1211 quidem
874 1163 1018 1210 quam
1066 1148 1158 1211 ipsi
1205 1149 1295 1196 sibi
1341 1149 1526 1198 finxere
1573 1153 1752 1215 pedum

310 1246 540 1290 ισοχρονιᾳ
575 1224 675 1271 sive
710 1221 960 1286 ισοδυὶιαμιᾳ
999 1224 1081 1285 (de
1118 1240 1216 1288 qua
1251 1242 1362 1274 mox
1397 1226 1634 1290 dicemus)
1672 1228 1753 1275 de-

310 1301 445 1349 fendi
468 1301 661 1366 poterit.
712 1301 1023 1349 Ditrochaeus
1042 1302 1170 1349 enim
1193 1334 1282 1355 -υ
1299 1336 1387 1357 ..υ
1411 1320 1494 1352 sex
1518 1293 1755 1352 duntaxat

310 1379 611 1444 temporibus
647 1386 851 1438 constat,
889 1380 1110 1443 epitritus
1146 1398 1262 1430 vero
1298 1390 1500 1446 quartus
1531 1422 1570 1431 ..
1591 1423 1630 1431 ..
1652 1424 1690 1432 ..
1714 1417 1754 1438 υ

311 1466 512 1523 septem.
574 1458 820 1506 Schmidio
846 1458 1045 1522 placuit,
1752 1453 1766 1457 “

710 1595 778 1602 ·-·“
805 1568 1140 1633 ΕναριμβρΟΤων
1167 1590 1269 1623 αμυ-

579 1665 650 1694 νας
674 1665 970 1708 σΤραΤαρΧΟν

308 1755 441 1804 Vidit
486 1755 666 1818 utique.
703 1755 777 1802 vir
822 1755 991 1803 doctus
1031 1754 1245 1819 vulgatae
1282 1754 1504 1803 lectionis
1543 1755 1751 1821 syllabas

305 1830 607 1895 antepenult.
647 1837 697 1878 et
725 1831 910 1894 penult.
935 1831 999 1886 ,jn
1035 1846 1177 1878 versu
1212 1830 1377 1894 priore
1411 1854 1492 1881 τον
1525 1855 1615 1890 αμμ
1650 1839 1751 1880 tro-

306 1908 428 1956 chaei
463 1907 572 1975 loco
607 1907 821 1955 iambum
857 1907 1183 1966 constituere3
1223 1924 1320 1972 qua
1352 1917 1517 1958 tamen
1556 1910 1607 1958 in
1642 1910 1751 1966 olea

360 2069 394 2101 1.
424 2063 518 2102 Hor.
543 2064 594 2101 A.
619 2063 662 2100 P.
693 2067 781 2107 127.
819 2068 885 2100 aut
910 2076 999 2101 con·
1050 2064 1074 2101 i.
1093 2077 1124 2102 e.
1144 2065 1395 2115 congruentia.
1415 2063 1749 2125 111,viii‚2.·recta

294 2130 518 2182 jecitHurd.
536 2129 622 2167 adl.
643 2144 677 2179 p.
697 2135 799 2178 104„
818 2132 995 2179 probante

300 2196 380 2234 viro
398 2197 657 2243 eruditissimo,
684 2196 722 2233 S.
739 2196 929 2242 PAmuo,
948 2197 995 2233 ad

300 2259 434 2298 Ho‘rat.
445 2260 602 2298 Londini
612 2259 698 2297 edit.
710 2265 726 2296 1
735 2263 825 2304 793.
838 2272 874 2309 p.
883 2264 946 2304 77.
959 2265 996 2297 et

299 2325 392 2363 alias
403 2341 413 2371 ;
429 2325 625 2376 vulgatam
638 2324 798 2363 defendit
811 2330 994 2363 emunctae

297 2391 398 2428 naris
405 2391 532 2438 homo,
542 2390 586 2428 T.
591 2389 773 2441 Twim'ng‚
781 2391 828 2428 ad
837 2390 993 2428 Aristot.

299 2455 405 2494 Po'et.
434 2450 498 2505 ppi
515 2459 688 2494 335—8.
717 2455 798 2493 Cic.
815 2455 860 2492 de
879 2454 992 2493 Offic.

298 2522 332 2570 1,
363 2533 437 2568 XL,
459 2520 498 2559 6.
540 2521 643 2558 Talis
671 2527 727 2558 est
753 2522 874 2573 igitur
904 2521 993 2559 ordo

296 2587 481 2626 actionum
496 2587 726 2634 adhibendus,
745 2593 799 2633 ut,
828 2587 994 2637 quemad-

296 2652 437 2691 modum
463 2652 502 2688 in
521 2647 910 2698 oratione'constanti,
937 2651 991 2689 sic

297 2717 336 2754 in
353 2715 433 2753 vita
449 2715 569 2753 omnia
585 2715 659 2753 sint
679 2720 770 2764 apta
786 2715 885 2752 inter
902 2727 940 2752 se
955 2719 992 2752 et

297 2781 559 2821 convenientia.
597 2785 621 2804 ‘⁴
640 2780 753 2831 Lege,
770 2780 990 2827 constantia,

1051 2131 1156 2178 enim,
1175 2136 1212 2168 et
1229 2131 1494 2178 convenientia,
1521 2137 1558 2169 et
1574 2139 1749 2173 constan-

1049 2196 1103 2233 tia
1112 2200 1247 2232 natura
1255 2195 1451 2243 desiderat,
1459 2202 1748 2249 aspernaturque

1049 2260 1274 2305 contraria?
1300 2260 1421 2310 Toup.
1666 2294 1674 2304 ,
1719 2259 1722 2261 Δ

1106 2327 1142 2360 2.
1167 2327 1189 2345 “
1199 2323 1295 2360 Vide
1307 2323 1525 2375 Musgravii
1540 2325 1744 2377 Exercitat.

1049 2402 1110 2439 pp.
1131 2392 1194 2437 55,
1212 2387 1250 2427 6.
1280 2390 1343 2427 ubi
1360 2391 1537 2441 exempla
1559 2397 1645 2431 sunt
1662 2392 1744 2442 plu-

1048 2455 1146 2493 rima
1165 2456 1374 2494 Ditrochaei
1398 2462 1435 2495 et
1454 2457 1603 2506 Epitriti
1621 2459 1742 2508 quarti

1021 2520 1126 2558 >sine
1179 2521 1389 2559 discrimine
1449 2521 1711 2560 adhibitorum.
1723 2523 1744 2539 ''

1047 2583 1368 2635 Burgessius.Sed
1380 2584 1543 2624 subsidia
1551 2597 1571 2622 e
1581 2585 1740 2630 chon'cis

1046 2650 1175 2688 metris
1205 2651 1431 2702 tragicorum
1462 2650 1511 2687 ad
1537 2649 1737 2688 Pindarum

1046 2716 1320 2755 emendandum
1355 2727 1465 2767 parce
1489 2721 1526 2754 et
1561 2715 1738 2766 pudenter

1045 2779 1256 2818 afferamus.
