<?xml version="1.0" encoding="UTF-8"?>
<!DOCTYPE html PUBLIC "-//W3C//DTD XHTML 1.0 Transitional//EN"
    "http://www.w3.org/TR/xhtml1/DTD/xhtml1-transitional.dtd">
<html xmlns="http://www.w3.org/1999/xhtml" xml:lang="en" lang="en">
 <head>
  <title>
</title>
<meta http-equiv="Content-Type" content="text/html;charset=utf-8" />
  <meta name='ocr-system' content='tesseract 3.04.00' />
  <meta name='ocr-capabilities' content='ocr_page ocr_carea ocr_par ocr_line ocrx_word'/>
</head>
<body>
  <div class='ocr_page' id='page_1' title='image "./miscellaneacriti00daweuoft_0559.png"; bbox 0 0 1864 3132; ppageno 0'>
   <div class='ocr_carea' id='block_1_1' title="bbox 855 210 955 259">
    <p class='ocr_par' dir='ltr' id='par_1_1' title="bbox 855 210 955 259">
     <span class='ocr_line' id='line_1_1' title="bbox 855 210 955 259; baseline 0 0"><span class='ocrx_word' id='word_1_1' title='bbox 855 210 955 259; x_wconf 82' lang='lat'>48⁷</span> 
     </span>
    </p>
   </div>
   <div class='ocr_carea' id='block_1_2' title="bbox 193 310 1628 692">
    <p class='ocr_par' dir='ltr' id='par_1_2' title="bbox 193 310 1628 692">
     <span class='ocr_line' id='line_1_2' title="bbox 193 310 1624 386; baseline -0.008 -16"><span class='ocrx_word' id='word_1_2' title='bbox 193 327 225 347; x_wconf 87' lang='lat'><em>“</em></span> <span class='ocrx_word' id='word_1_3' title='bbox 247 320 398 386; x_wconf 88' lang='lat' dir='ltr'><strong>Atqui</strong></span> <span class='ocrx_word' id='word_1_4' title='bbox 422 325 653 368; x_wconf 83' lang='grc' dir='ltr'>ΗΥΞΑΤΟ</span> <span class='ocrx_word' id='word_1_5' title='bbox 676 314 727 363; x_wconf 89' lang='lat' dir='ltr'>in</span> <span class='ocrx_word' id='word_1_6' title='bbox 749 330 823 373; x_wconf 83' lang='lat' dir='ltr'>ea,</span> <span class='ocrx_word' id='word_1_7' title='bbox 865 330 1011 379; x_wconf 82' lang='lat' dir='ltr'>quam</span> <span class='ocrx_word' id='word_1_8' title='bbox 1044 313 1183 379; x_wconf 89' lang='lat' dir='ltr'>ponit</span> <span class='ocrx_word' id='word_1_9' title='bbox 1216 314 1290 362; x_wconf 87' lang='lat' dir='ltr'>vir</span> <span class='ocrx_word' id='word_1_10' title='bbox 1317 312 1409 371; x_wconf 91' lang='lat' dir='ltr'>Cl.,</span> <span class='ocrx_word' id='word_1_11' title='bbox 1439 310 1624 378; x_wconf 87' lang='lat' dir='ltr'>signifi·</span> 
     </span>
     <span class='ocr_line' id='line_1_3' title="bbox 193 388 1625 457; baseline -0.008 -11"><span class='ocrx_word' id='word_1_12' title='bbox 193 403 225 422; x_wconf 91' lang='lat'><em>“</em></span> <span class='ocrx_word' id='word_1_13' title='bbox 249 397 441 445; x_wconf 83' lang='lat' dir='ltr'>catione</span> <span class='ocrx_word' id='word_1_14' title='bbox 464 411 527 443; x_wconf 89' lang='lat' dir='ltr'>ne</span> <span class='ocrx_word' id='word_1_15' title='bbox 550 393 780 443; x_wconf 87' lang='lat' dir='ltr'>Graecum</span> <span class='ocrx_word' id='word_1_16' title='bbox 816 393 1010 457; x_wconf 89' lang='lat' dir='ltr'>quidem</span> <span class='ocrx_word' id='word_1_17' title='bbox 1047 398 1133 440; x_wconf 91' lang='lat' dir='ltr'>est.</span> <span class='ocrx_word' id='word_1_18' title='bbox 1198 398 1464 439; x_wconf 86' lang='grc' dir='ltr'><strong>ΑΥΞΟΜΑΙ</strong></span> <span class='ocrx_word' id='word_1_19' title='bbox 1495 388 1625 436; x_wconf 90' lang='lat' dir='ltr'>enim</span> 
     </span>
     <span class='ocr_line' id='line_1_4' title="bbox 195 463 1628 535; baseline -0.008 -14"><span class='ocrx_word' id='word_1_20' title='bbox 195 479 227 498; x_wconf 86' lang='lat'><em>“</em></span> <span class='ocrx_word' id='word_1_21' title='bbox 251 474 300 520; x_wconf 91' lang='lat' dir='ltr'>in</span> <span class='ocrx_word' id='word_1_22' title='bbox 347 466 574 535; x_wconf 42' lang='lat' dir='ltr'>tempore,</span> <span class='ocrx_word' id='word_1_23' title='bbox 612 467 868 518; x_wconf 88' lang='lat' dir='ltr'>indefinito</span> <span class='ocrx_word' id='word_1_24' title='bbox 915 484 1014 516; x_wconf 89' lang='lat' dir='ltr'>non</span> <span class='ocrx_word' id='word_1_25' title='bbox 1062 476 1295 518; x_wconf 86' lang='grc' dir='ltr'>ΗΥΞΑΤΟ</span> <span class='ocrx_word' id='word_1_26' title='bbox 1353 465 1486 524; x_wconf 84' lang='lat' dir='ltr'>facit,</span> <span class='ocrx_word' id='word_1_27' title='bbox 1543 463 1628 511; x_wconf 89' lang='lat' dir='ltr'>sed</span> 
     </span>
     <span class='ocr_line' id='line_1_5' title="bbox 195 545 1628 611; baseline -0.006 -14"><span class='ocrx_word' id='word_1_28' title='bbox 195 554 228 575; x_wconf 86' lang='lat'><em>“</em></span> <span class='ocrx_word' id='word_1_29' title='bbox 250 558 599 608; x_wconf 67' lang='grc' dir='ltr'>ΗΥΞΗΣΑΤΟ.4</span> <span class='ocrx_word' id='word_1_30' title='bbox 623 555 858 597; x_wconf 86' lang='grc' dir='ltr'>ΗΥΞΑΤΟ</span> <span class='ocrx_word' id='word_1_31' title='bbox 880 545 1029 611; x_wconf 85' lang='lat' dir='ltr'>longe</span> <span class='ocrx_word' id='word_1_32' title='bbox 1051 546 1183 610; x_wconf 85' lang='lat' dir='ltr'>aliud</span> <span class='ocrx_word' id='word_1_33' title='bbox 1205 551 1357 602; x_wconf 85' lang='lat' dir='ltr'>notat,</span> <span class='ocrx_word' id='word_1_34' title='bbox 1389 547 1628 607; x_wconf 81' lang='lat' dir='ltr'><strong><em>precatus</em></strong></span> 
     </span>
     <span class='ocr_line' id='line_1_6' title="bbox 195 620 1571 692; baseline -0.005 -19"><span class='ocrx_word' id='word_1_35' title='bbox 195 631 228 651; x_wconf 89' lang='lat'><em>“</em></span> <span class='ocrx_word' id='word_1_36' title='bbox 250 632 336 684; x_wconf 83' lang='lat' dir='ltr'>est,</span> <span class='ocrx_word' id='word_1_37' title='bbox 355 625 604 689; x_wconf 81' lang='lat' dir='ltr'>gloriatus</span> <span class='ocrx_word' id='word_1_38' title='bbox 620 631 709 692; x_wconf 76' lang='lat' dir='ltr'>est,</span> <span class='ocrx_word' id='word_1_39' title='bbox 737 624 799 671; x_wconf 87' lang='lat' dir='ltr'>ab</span> <span class='ocrx_word' id='word_1_40' title='bbox 824 633 1102 671; x_wconf 84' lang='grc' dir='ltr'><strong>ΕΥΧΟΜΑΙ.</strong></span> <span class='ocrx_word' id='word_1_41' title='bbox 1172 622 1382 686; x_wconf 87' lang='lat' dir='ltr'>Repone</span> <span class='ocrx_word' id='word_1_42' title='bbox 1406 620 1571 686; x_wconf 82' lang='lat' dir='ltr'>igitur,</span> 
     </span>
    </p>
   </div>
   <div class='ocr_carea' id='block_1_3' title="bbox 358 710 1424 767">
    <p class='ocr_par' dir='ltr' id='par_1_3' title="bbox 358 710 1424 767">
     <span class='ocr_line' id='line_1_7' title="bbox 358 710 1424 767; baseline -0.005 -7"><span class='ocrx_word' id='word_1_43' title='bbox 358 717 453 760; x_wconf 89' lang='grc' dir='ltr'>Ουκ</span> <span class='ocrx_word' id='word_1_44' title='bbox 476 735 528 760; x_wconf 85' lang='grc' dir='ltr'>αν</span> <span class='ocrx_word' id='word_1_45' title='bbox 550 735 623 760; x_wconf 77' lang='lat' dir='ltr'>em</span> <span class='ocrx_word' id='word_1_46' title='bbox 644 719 801 760; x_wconf 79' lang='grc' dir='ltr'>πλειον</span> <span class='ocrx_word' id='word_1_47' title='bbox 820 731 879 758; x_wconf 79' lang='grc' dir='ltr'>το</span> <span class='ocrx_word' id='word_1_48' title='bbox 902 733 1033 759; x_wconf 85' lang='grc' dir='ltr'>κακον</span> <span class='ocrx_word' id='word_1_49' title='bbox 1056 710 1154 767; x_wconf 78' lang='grc' dir='ltr'>ἧμιν</span> <span class='ocrx_word' id='word_1_50' title='bbox 1181 717 1424 759; x_wconf 87' lang='grc' dir='ltr'>ΗΥΞΕΤΟ.</span> 
     </span>
    </p>
   </div>
   <div class='ocr_carea' id='block_1_4' title="bbox 142 796 1638 2324">
    <p class='ocr_par' dir='ltr' id='par_1_4' title="bbox 142 796 1638 2324">
     <span class='ocr_line' id='line_1_8' title="bbox 197 796 1626 865; baseline -0.003 -16"><span class='ocrx_word' id='word_1_51' title='bbox 197 807 229 826; x_wconf 82' lang='grc'><strong><em>“</em></strong></span> <span class='ocrx_word' id='word_1_52' title='bbox 253 802 450 865; x_wconf 83' lang='lat' dir='ltr'>Quippe</span> <span class='ocrx_word' id='word_1_53' title='bbox 479 796 714 853; x_wconf 75' lang='grc' dir='ltr'>ἨΥΞΕΤΟ</span> <span class='ocrx_word' id='word_1_54' title='bbox 754 816 868 849; x_wconf 89' lang='lat' dir='ltr'>vere</span> <span class='ocrx_word' id='word_1_55' title='bbox 906 799 1150 865; x_wconf 85' lang='lat' dir='ltr'>significat</span> <span class='ocrx_word' id='word_1_56' title='bbox 1172 798 1444 847; x_wconf 79' lang='lat' dir='ltr'>adauctum</span> <span class='ocrx_word' id='word_1_57' title='bbox 1467 803 1592 846; x_wconf 86' lang='lat' dir='ltr'>esset</span> <span class='ocrx_word' id='word_1_58' title='bbox 1604 817 1626 854; x_wconf 89' lang='lat'><em>;</em></span> 
     </span>
     <span class='ocr_line' id='line_1_9' title="bbox 198 876 1630 942; baseline -0.003 -15"><span class='ocrx_word' id='word_1_59' title='bbox 198 884 229 906; x_wconf 74' lang='lat'>‘⁸‘</span> <span class='ocrx_word' id='word_1_60' title='bbox 251 886 301 927; x_wconf 87' lang='lat' dir='ltr'>et</span> <span class='ocrx_word' id='word_1_61' title='bbox 335 879 580 942; x_wconf 80' lang='lat' dir='ltr'>aptissime</span> <span class='ocrx_word' id='word_1_62' title='bbox 625 894 734 925; x_wconf 92' lang='lat' dir='ltr'>cum</span> <span class='ocrx_word' id='word_1_63' title='bbox 767 876 1008 941; x_wconf 84' lang='lat' dir='ltr'>prioribus</span> <span class='ocrx_word' id='word_1_64' title='bbox 1043 877 1284 934; x_wconf 89' lang='lat' dir='ltr'>convenit,</span> <span class='ocrx_word' id='word_1_65' title='bbox 1332 884 1630 932; x_wconf 79' lang='lat' dir='ltr'>HMYNETO,</span> 
     </span>
     <span class='ocr_line' id='line_1_10' title="bbox 196 945 1630 1018; baseline -0.003 -15"><span class='ocrx_word' id='word_1_66' title='bbox 196 961 230 981; x_wconf 88' lang='lat'><em>“</em></span> <span class='ocrx_word' id='word_1_67' title='bbox 252 965 701 1014; x_wconf 76' lang='grc' dir='ltr'>ΣΥΝΗΓΩΝΙΖΕΤΟ,</span> <span class='ocrx_word' id='word_1_68' title='bbox 736 963 1151 1002; x_wconf 78' lang='grc' dir='ltr'>ΣΥΝΕΠΡΑΤΤΟΝ</span> <span class='ocrx_word' id='word_1_69' title='bbox 1172 973 1185 1011; x_wconf 88' lang='grc'>;</span> <span class='ocrx_word' id='word_1_70' title='bbox 1223 945 1334 1018; x_wconf 74' lang='lat' dir='ltr'>quae</span> <span class='ocrx_word' id='word_1_71' title='bbox 1358 953 1521 1002; x_wconf 83' lang='lat' dir='ltr'>omnia</span> <span class='ocrx_word' id='word_1_72' title='bbox 1545 954 1630 1000; x_wconf 88' lang='lat' dir='ltr'>im·</span> 
     </span>
     <span class='ocr_line' id='line_1_11' title="bbox 198 1031 1631 1098; baseline -0.002 -17"><span class='ocrx_word' id='word_1_73' title='bbox 198 1038 230 1057; x_wconf 76' lang='lat'>‘⁶</span> <span class='ocrx_word' id='word_1_74' title='bbox 253 1033 472 1096; x_wconf 89' lang='lat' dir='ltr'>perfecto</span> <span class='ocrx_word' id='word_1_75' title='bbox 516 1040 738 1098; x_wconf 87' lang='lat' dir='ltr'>tempore</span> <span class='ocrx_word' id='word_1_76' title='bbox 781 1033 1156 1097; x_wconf 85' lang='lat' dir='ltr'>proferuntur.”</span> <span class='ocrx_word' id='word_1_77' title='bbox 1232 1031 1389 1079; x_wconf 83' lang='lat' dir='ltr'>Recte</span> <span class='ocrx_word' id='word_1_78' title='bbox 1435 1031 1631 1095; x_wconf 92' lang='lat' dir='ltr'>quidem</span> 
     </span>
     <span class='ocr_line' id='line_1_12' title="bbox 196 1108 1631 1174; baseline -0.003 -15"><span class='ocrx_word' id='word_1_79' title='bbox 196 1112 411 1174; x_wconf 80' lang='lat' dir='ltr'>reposuit</span> <span class='ocrx_word' id='word_1_80' title='bbox 433 1111 507 1159; x_wconf 84' lang='lat' dir='ltr'>Vir</span> <span class='ocrx_word' id='word_1_81' title='bbox 539 1110 611 1158; x_wconf 86' lang='lat' dir='ltr'>Cl.</span> <span class='ocrx_word' id='word_1_82' title='bbox 647 1117 745 1157; x_wconf 76' lang='lat' dir='ltr'>tam</span> <span class='ocrx_word' id='word_1_83' title='bbox 778 1108 1104 1174; x_wconf 68' lang='grc' dir='ltr'>συνηγωνίζετο</span> <span class='ocrx_word' id='word_1_84' title='bbox 1137 1124 1283 1172; x_wconf 79' lang='lat' dir='ltr'>quam</span> <span class='ocrx_word' id='word_1_85' title='bbox 1318 1108 1492 1170; x_wconf 80' lang='grc' dir='ltr'><strong><em>ηυξετο,</em></strong></span> <span class='ocrx_word' id='word_1_86' title='bbox 1522 1122 1631 1155; x_wconf 88' lang='lat' dir='ltr'>cum</span> 
     </span>
     <span class='ocr_line' id='line_1_13' title="bbox 196 1185 1630 1253; baseline -0.003 -17"><span class='ocrx_word' id='word_1_87' title='bbox 196 1193 454 1253; x_wconf 77' lang='lat' dir='ltr'>syntaxeos</span> <span class='ocrx_word' id='word_1_88' title='bbox 499 1195 662 1236; x_wconf 86' lang='lat' dir='ltr'>tamen</span> <span class='ocrx_word' id='word_1_89' title='bbox 708 1188 947 1236; x_wconf 85' lang='lat' dir='ltr'>rationem</span> <span class='ocrx_word' id='word_1_90' title='bbox 999 1186 1282 1250; x_wconf 83' lang='lat' dir='ltr'>neutiquam</span> <span class='ocrx_word' id='word_1_91' title='bbox 1326 1185 1630 1234; x_wconf 87' lang='lat' dir='ltr'>intellexerit.</span> 
     </span>
     <span class='ocr_line' id='line_1_14' title="bbox 198 1262 1632 1328; baseline -0.002 -16"><span class='ocrx_word' id='word_1_92' title='bbox 198 1264 377 1312; x_wconf 87' lang='lat' dir='ltr'>Statuit</span> <span class='ocrx_word' id='word_1_93' title='bbox 401 1265 571 1328; x_wconf 84' lang='lat' dir='ltr'>utique</span> <span class='ocrx_word' id='word_1_94' title='bbox 593 1266 793 1313; x_wconf 88' lang='lat' dir='ltr'>verbum</span> <span class='ocrx_word' id='word_1_95' title='bbox 817 1265 978 1326; x_wconf 83' lang='grc' dir='ltr'>ηυξετο</span> <span class='ocrx_word' id='word_1_96' title='bbox 998 1280 1087 1327; x_wconf 91' lang='lat' dir='ltr'>per</span> <span class='ocrx_word' id='word_1_97' title='bbox 1126 1279 1178 1310; x_wconf 92' lang='lat' dir='ltr'>se</span> <span class='ocrx_word' id='word_1_98' title='bbox 1212 1262 1415 1311; x_wconf 80' lang='lat' dir='ltr'>*valere</span> <span class='ocrx_word' id='word_1_99' title='bbox 1447 1262 1632 1310; x_wconf 86' lang='lat' dir='ltr'>adauc-</span> 
     </span>
     <span class='ocr_line' id='line_1_15' title="bbox 198 1337 1632 1404; baseline -0.001 -19"><span class='ocrx_word' id='word_1_100' title='bbox 198 1344 304 1385; x_wconf 82' lang='lat' dir='ltr'>tum</span> <span class='ocrx_word' id='word_1_101' title='bbox 327 1346 466 1396; x_wconf 84' lang='lat' dir='ltr'>esset,</span> <span class='ocrx_word' id='word_1_102' title='bbox 490 1340 619 1402; x_wconf 93' lang='lat' dir='ltr'>quod</span> <span class='ocrx_word' id='word_1_103' title='bbox 642 1347 806 1387; x_wconf 86' lang='lat' dir='ltr'>tamen</span> <span class='ocrx_word' id='word_1_104' title='bbox 831 1355 931 1387; x_wconf 90' lang='lat' dir='ltr'>non</span> <span class='ocrx_word' id='word_1_105' title='bbox 955 1340 1046 1387; x_wconf 90' lang='lat' dir='ltr'>nisi</span> <span class='ocrx_word' id='word_1_106' title='bbox 1075 1337 1427 1402; x_wconf 81' lang='lat' dir='ltr'>adaugebatur</span> <span class='ocrx_word' id='word_1_107' title='bbox 1449 1337 1632 1404; x_wconf 84' lang='lat' dir='ltr'>signifi-</span> 
     </span>
     <span class='ocr_line' id='line_1_16' title="bbox 199 1416 1635 1480; baseline -0.001 -17"><span class='ocrx_word' id='word_1_108' title='bbox 199 1432 311 1464; x_wconf 85' lang='lat' dir='ltr'>care</span> <span class='ocrx_word' id='word_1_109' title='bbox 350 1417 585 1480; x_wconf 72' lang='lat' dir='ltr'>potest.¹²³²</span> <span class='ocrx_word' id='word_1_110' title='bbox 647 1417 818 1474; x_wconf 90' lang='lat' dir='ltr'>Immo,</span> <span class='ocrx_word' id='word_1_111' title='bbox 861 1418 901 1464; x_wconf 90' lang='lat' dir='ltr'>si</span> <span class='ocrx_word' id='word_1_112' title='bbox 939 1417 1157 1465; x_wconf 80' lang='lat' dir='ltr'>voculam</span> <span class='ocrx_word' id='word_1_113' title='bbox 1199 1439 1251 1464; x_wconf 81' lang='lat' dir='ltr'>av</span> <span class='ocrx_word' id='word_1_114' title='bbox 1288 1417 1512 1464; x_wconf 89' lang='lat' dir='ltr'>comitem</span> <span class='ocrx_word' id='word_1_115' title='bbox 1551 1416 1635 1461; x_wconf 87' lang='lat' dir='ltr'>ad·</span> 
     </span>
     <span class='ocr_line' id='line_1_17' title="bbox 184 1492 1635 1560; baseline -0.003 -18"><span class='ocrx_word' id='word_1_116' title='bbox 184 1493 432 1560; x_wconf 74' lang='lat' dir='ltr'>junxeris,</span> <span class='ocrx_word' id='word_1_117' title='bbox 467 1510 529 1542; x_wconf 87' lang='lat' dir='ltr'>ne</span> <span class='ocrx_word' id='word_1_118' title='bbox 569 1495 636 1542; x_wconf 88' lang='lat' dir='ltr'>sic</span> <span class='ocrx_word' id='word_1_119' title='bbox 677 1494 873 1557; x_wconf 89' lang='lat' dir='ltr'>quidem</span> <span class='ocrx_word' id='word_1_120' title='bbox 908 1492 1242 1556; x_wconf 84' lang='lat' dir='ltr'>aequipollebit</span> <span class='ocrx_word' id='word_1_121' title='bbox 1276 1515 1341 1554; x_wconf 82' lang='grc' dir='ltr'>τῳ</span> <span class='ocrx_word' id='word_1_122' title='bbox 1364 1492 1635 1539; x_wconf 83' lang='lat' dir='ltr'>adauctum</span> 
     </span>
     <span class='ocr_line' id='line_1_18' title="bbox 201 1568 1635 1631; baseline -0.001 -15"><span class='ocrx_word' id='word_1_123' title='bbox 201 1576 340 1628; x_wconf 83' lang='lat' dir='ltr'>esset,</span> <span class='ocrx_word' id='word_1_124' title='bbox 377 1570 462 1617; x_wconf 90' lang='lat' dir='ltr'>sed</span> <span class='ocrx_word' id='word_1_125' title='bbox 497 1571 636 1619; x_wconf 87' lang='lat' dir='ltr'>alteri</span> <span class='ocrx_word' id='word_1_126' title='bbox 674 1571 754 1617; x_wconf 89' lang='lat' dir='ltr'>isti</span> <span class='ocrx_word' id='word_1_127' title='bbox 786 1571 1022 1618; x_wconf 81' lang='lat' dir='ltr'>duntaxat</span> <span class='ocrx_word' id='word_1_128' title='bbox 1044 1568 1398 1631; x_wconf 77' lang='lat' dir='ltr'>adaugeretur.</span> <span class='ocrx_word' id='word_1_129' title='bbox 1470 1569 1635 1631; x_wconf 89' lang='lat' dir='ltr'>Atque</span> 
     </span>
     <span class='ocr_line' id='line_1_19' title="bbox 200 1644 1634 1711; baseline -0.001 -19"><span class='ocrx_word' id='word_1_130' title='bbox 200 1645 328 1693; x_wconf 85' lang='lat' dir='ltr'>hanc</span> <span class='ocrx_word' id='word_1_131' title='bbox 346 1646 539 1710; x_wconf 91' lang='lat' dir='ltr'>quidem</span> <span class='ocrx_word' id='word_1_132' title='bbox 559 1647 848 1695; x_wconf 87' lang='lat' dir='ltr'>sententiam</span> <span class='ocrx_word' id='word_1_133' title='bbox 866 1647 1010 1711; x_wconf 88' lang='lat' dir='ltr'>hujus</span> <span class='ocrx_word' id='word_1_134' title='bbox 1024 1646 1119 1693; x_wconf 89' lang='lat' dir='ltr'>loci</span> <span class='ocrx_word' id='word_1_135' title='bbox 1136 1646 1386 1711; x_wconf 84' lang='lat' dir='ltr'>ingenium</span> <span class='ocrx_word' id='word_1_136' title='bbox 1406 1644 1634 1708; x_wconf 84' lang='lat' dir='ltr'>postulat,</span> 
     </span>
     <span class='ocr_line' id='line_1_20' title="bbox 199 1719 1637 1787; baseline -0.001 -19"><span class='ocrx_word' id='word_1_137' title='bbox 199 1721 329 1769; x_wconf 88' lang='lat' dir='ltr'>illam</span> <span class='ocrx_word' id='word_1_138' title='bbox 358 1739 474 1770; x_wconf 85' lang='lat' dir='ltr'>vero</span> <span class='ocrx_word' id='word_1_139' title='bbox 509 1724 709 1787; x_wconf 89' lang='lat' dir='ltr'>respuit.</span> <span class='ocrx_word' id='word_1_140' title='bbox 782 1723 907 1770; x_wconf 93' lang='lat' dir='ltr'>Illud</span> <span class='ocrx_word' id='word_1_141' title='bbox 942 1738 1089 1787; x_wconf 92' lang='lat' dir='ltr'>porro</span> <span class='ocrx_word' id='word_1_142' title='bbox 1127 1722 1231 1770; x_wconf 90' lang='lat' dir='ltr'>viro</span> <span class='ocrx_word' id='word_1_143' title='bbox 1267 1720 1340 1768; x_wconf 89' lang='lat' dir='ltr'>Cl.</span> <span class='ocrx_word' id='word_1_144' title='bbox 1376 1719 1637 1769; x_wconf 84' lang='lat' dir='ltr'>infeliciter</span> 
     </span>
     <span class='ocr_line' id='line_1_21' title="bbox 142 1790 1636 1866; baseline -0.001 -21"><span class='ocrx_word' id='word_1_145' title='bbox 142 1793 144 1795; x_wconf 41' lang='lat'>¹</span> <span class='ocrx_word' id='word_1_146' title='bbox 203 1799 360 1857; x_wconf 89' lang='lat' dir='ltr'>cessit,</span> <span class='ocrx_word' id='word_1_147' title='bbox 386 1790 514 1863; x_wconf 91' lang='lat' dir='ltr'>quod</span> <span class='ocrx_word' id='word_1_148' title='bbox 536 1822 846 1866; x_wconf 76' lang='grc' dir='ltr'>συνεπραττον</span> <span class='ocrx_word' id='word_1_149' title='bbox 866 1801 1101 1847; x_wconf 86' lang='lat' dir='ltr'>intactum</span> <span class='ocrx_word' id='word_1_150' title='bbox 1124 1798 1426 1863; x_wconf 86' lang='lat' dir='ltr'>praeterierit.</span> <span class='ocrx_word' id='word_1_151' title='bbox 1497 1796 1636 1846; x_wconf 92' lang='lat' dir='ltr'>Num</span> 
     </span>
     <span class='ocr_line' id='line_1_22' title="bbox 195 1871 1638 1934; baseline -0.002 -10"><span class='ocrx_word' id='word_1_152' title='bbox 195 1877 332 1930; x_wconf 84' lang='lat' dir='ltr'>enim</span> <span class='ocrx_word' id='word_1_153' title='bbox 378 1878 556 1925; x_wconf 82' lang='lat' dir='ltr'>dixeris</span> <span class='ocrx_word' id='word_1_154' title='bbox 596 1887 860 1926; x_wconf 80' lang='grc' dir='ltr'><strong>ΕΚΑΣΤΟΣ</strong></span> <span class='ocrx_word' id='word_1_155' title='bbox 894 1878 1011 1934; x_wconf 74' lang='grc' dir='ltr'>ἡμων</span> <span class='ocrx_word' id='word_1_156' title='bbox 1049 1871 1503 1924; x_wconf 65' lang='grc' dir='ltr'>ΣΥΝΕΠΡΑΤΤΟΝῩ</span> <span class='ocrx_word' id='word_1_157' title='bbox 1571 1874 1638 1923; x_wconf 91' lang='lat' dir='ltr'>At</span> 
     </span>
     <span class='ocr_line' id='line_1_23' title="bbox 202 1948 1637 2020; baseline -0.002 -19"><span class='ocrx_word' id='word_1_158' title='bbox 202 1955 309 2018; x_wconf 78' lang='lat' dir='ltr'>pari</span> <span class='ocrx_word' id='word_1_159' title='bbox 324 1955 440 2020; x_wconf 82' lang='lat' dir='ltr'>jure</span> <span class='ocrx_word' id='word_1_160' title='bbox 460 1977 614 2006; x_wconf 80' lang='grc' dir='ltr'>εκεινος</span> <span class='ocrx_word' id='word_1_161' title='bbox 635 1977 955 2019; x_wconf 62' lang='lat' dir='ltr'>owen-parvom</span> <span class='ocrx_word' id='word_1_162' title='bbox 992 1953 1130 2002; x_wconf 86' lang='lat' dir='ltr'>Num</span> <span class='ocrx_word' id='word_1_163' title='bbox 1154 1953 1273 2010; x_wconf 77' lang='grc' dir='ltr'>ἦμεις</span> <span class='ocrx_word' id='word_1_164' title='bbox 1296 1948 1637 2016; x_wconf 59' lang='grc' dir='ltr'>συνεπρᾳττονῗ</span> 
     </span>
     <span class='ocr_line' id='line_1_24' title="bbox 204 2027 1638 2095; baseline -0.002 -18"><span class='ocrx_word' id='word_1_165' title='bbox 204 2030 284 2077; x_wconf 92' lang='lat' dir='ltr'>An</span> <span class='ocrx_word' id='word_1_166' title='bbox 308 2031 516 2095; x_wconf 87' lang='lat' dir='ltr'>denique</span> <span class='ocrx_word' id='word_1_167' title='bbox 552 2032 614 2078; x_wconf 86' lang='lat' dir='ltr'>ad</span> <span class='ocrx_word' id='word_1_168' title='bbox 647 2032 819 2079; x_wconf 87' lang='lat' dir='ltr'>incitas</span> <span class='ocrx_word' id='word_1_169' title='bbox 853 2031 998 2094; x_wconf 85' lang='lat' dir='ltr'>plane</span> <span class='ocrx_word' id='word_1_170' title='bbox 1032 2029 1256 2076; x_wconf 85' lang='lat' dir='ltr'>redactus</span> <span class='ocrx_word' id='word_1_171' title='bbox 1286 2029 1485 2077; x_wconf 89' lang='lat' dir='ltr'>verbum</span> <span class='ocrx_word' id='word_1_172' title='bbox 1508 2027 1638 2075; x_wconf 89' lang='lat' dir='ltr'>istud</span> 
     </span>
     <span class='ocr_line' id='line_1_25' title="bbox 205 2102 1638 2170; baseline -0.001 -17"><span class='ocrx_word' id='word_1_173' title='bbox 205 2107 268 2153; x_wconf 89' lang='lat' dir='ltr'>ad</span> <span class='ocrx_word' id='word_1_174' title='bbox 290 2111 509 2170; x_wconf 83' lang='grc' dir='ltr'>ανθρωποι</span> <span class='ocrx_word' id='word_1_175' title='bbox 535 2108 842 2156; x_wconf 84' lang='lat' dir='ltr'>subauditum</span> <span class='ocrx_word' id='word_1_176' title='bbox 866 2107 1038 2155; x_wconf 87' lang='lat' dir='ltr'>referri</span> <span class='ocrx_word' id='word_1_177' title='bbox 1062 2106 1284 2154; x_wconf 88' lang='lat' dir='ltr'>statueris</span> <span class='ocrx_word' id='word_1_178' title='bbox 1300 2102 1339 2151; x_wconf 58' lang='grc' dir='ltr'>ἲ*</span> <span class='ocrx_word' id='word_1_179' title='bbox 1382 2106 1449 2154; x_wconf 88' lang='lat' dir='ltr'>At</span> <span class='ocrx_word' id='word_1_180' title='bbox 1470 2109 1638 2154; x_wconf 84' lang='lat' dir='ltr'>vetant</span> 
     </span>
     <span class='ocr_line' id='line_1_26' title="bbox 206 2177 1638 2247; baseline -0.001 -20"><span class='ocrx_word' id='word_1_181' title='bbox 206 2183 487 2243; x_wconf 87' lang='lat' dir='ltr'>praecedens</span> <span class='ocrx_word' id='word_1_182' title='bbox 507 2183 623 2239; x_wconf 78' lang='grc' dir='ltr'>ἡμων</span> <span class='ocrx_word' id='word_1_183' title='bbox 651 2189 701 2230; x_wconf 90' lang='lat' dir='ltr'>et</span> <span class='ocrx_word' id='word_1_184' title='bbox 724 2184 1023 2247; x_wconf 89' lang='lat' dir='ltr'>subsequens</span> <span class='ocrx_word' id='word_1_185' title='bbox 1046 2182 1159 2239; x_wconf 79' lang='grc' dir='ltr'><em>ἧμιν,</em></span> <span class='ocrx_word' id='word_1_186' title='bbox 1196 2197 1294 2244; x_wconf 92' lang='lat' dir='ltr'>quo</span> <span class='ocrx_word' id='word_1_187' title='bbox 1329 2181 1487 2228; x_wconf 88' lang='lat' dir='ltr'>minus</span> <span class='ocrx_word' id='word_1_188' title='bbox 1521 2177 1638 2227; x_wconf 85' lang='lat' dir='ltr'>ferri</span> 
     </span>
     <span class='ocr_line' id='line_1_27' title="bbox 208 2257 1604 2324; baseline 0.001 -21"><span class='ocrx_word' id='word_1_189' title='bbox 208 2257 358 2320; x_wconf 89' lang='lat' dir='ltr'>possit</span> <span class='ocrx_word' id='word_1_190' title='bbox 379 2257 646 2306; x_wconf 89' lang='lat' dir='ltr'>istiusmodi</span> <span class='ocrx_word' id='word_1_191' title='bbox 671 2266 1011 2323; x_wconf 86' lang='lat' dir='ltr'>commentum.</span> <span class='ocrx_word' id='word_1_192' title='bbox 1060 2259 1197 2324; x_wconf 86' lang='lat' dir='ltr'>Lege</span> <span class='ocrx_word' id='word_1_193' title='bbox 1220 2275 1336 2307; x_wconf 86' lang='lat' dir='ltr'>vero</span> <span class='ocrx_word' id='word_1_194' title='bbox 1358 2259 1604 2322; x_wconf 85' lang='lat' dir='ltr'>deinceps,</span> 
     </span>
    </p>
   </div>
   <div class='ocr_carea' id='block_1_5' title="bbox 276 2352 1554 2422">
    <p class='ocr_par' dir='ltr' id='par_1_5' title="bbox 276 2352 1554 2422">
     <span class='ocr_line' id='line_1_28' title="bbox 276 2352 1554 2422; baseline 0.002 -20"><span class='ocrx_word' id='word_1_195' title='bbox 276 2352 486 2413; x_wconf 70' lang='grc' dir='ltr'><strong><em>Αδικημα,</em></strong></span> <span class='ocrx_word' id='word_1_196' title='bbox 520 2378 588 2403; x_wconf 90' lang='grc' dir='ltr'>και</span> <span class='ocrx_word' id='word_1_197' title='bbox 615 2365 1114 2403; x_wconf 83' lang='grc' dir='ltr'>ΣΥΝΕΠΡΑΤΤΟΜΕΝ</span> <span class='ocrx_word' id='word_1_198' title='bbox 1139 2364 1351 2413; x_wconf 81' lang='grc' dir='ltr'>αλληλοις</span> <span class='ocrx_word' id='word_1_199' title='bbox 1377 2378 1554 2422; x_wconf 84' lang='grc' dir='ltr'>πικρως.</span> 
     </span>
    </p>
   </div>
   <div class='ocr_carea' id='block_1_6' title="bbox 210 2434 1639 2670">
    <p class='ocr_par' dir='ltr' id='par_1_6' title="bbox 210 2434 1639 2670">
     <span class='ocr_line' id='line_1_29' title="bbox 278 2434 1639 2517; baseline 0.001 -18"><span class='ocrx_word' id='word_1_200' title='bbox 278 2452 336 2499; x_wconf 85' lang='lat' dir='ltr'>V.</span> <span class='ocrx_word' id='word_1_201' title='bbox 364 2462 461 2505; x_wconf 80' lang='lat'>889.</span> <span class='ocrx_word' id='word_1_202' title='bbox 522 2455 698 2499; x_wconf 81' lang='grc' dir='ltr'>Ακουετ</span> <span class='ocrx_word' id='word_1_203' title='bbox 742 2448 819 2508; x_wconf 74' lang='grc' dir='ltr'>ηδη</span> <span class='ocrx_word' id='word_1_204' title='bbox 873 2473 952 2507; x_wconf 79' lang='grc' dir='ltr'>της</span> <span class='ocrx_word' id='word_1_205' title='bbox 997 2434 1198 2516; x_wconf 69' lang='grc' dir='ltr'><strong><em>Ὑρᾷφης,</em></strong></span> <span class='ocrx_word' id='word_1_206' title='bbox 1253 2452 1302 2508; x_wconf 79' lang='grc' dir='ltr'>ἧς</span> <span class='ocrx_word' id='word_1_207' title='bbox 1357 2452 1639 2517; x_wconf 75' lang='grc' dir='ltr'>ε’γραψᾳτο]</span> 
     </span>
     <span class='ocr_line' id='line_1_30' title="bbox 210 2527 1638 2577; baseline 0.002 -3"><span class='ocrx_word' id='word_1_208' title='bbox 210 2528 391 2577; x_wconf 90' lang='lat' dir='ltr'>Versus</span> <span class='ocrx_word' id='word_1_209' title='bbox 436 2534 572 2576; x_wconf 86' lang='lat' dir='ltr'>extra</span> <span class='ocrx_word' id='word_1_210' title='bbox 615 2527 825 2575; x_wconf 84' lang='lat' dir='ltr'>debitam</span> <span class='ocrx_word' id='word_1_211' title='bbox 871 2527 1047 2575; x_wconf 85' lang='lat' dir='ltr'>senarii</span> <span class='ocrx_word' id='word_1_212' title='bbox 1092 2544 1366 2576; x_wconf 88' lang='lat' dir='ltr'>mensuram</span> <span class='ocrx_word' id='word_1_213' title='bbox 1413 2530 1638 2577; x_wconf 89' lang='lat' dir='ltr'>excurrit.</span> 
     </span>
     <span class='ocr_line' id='line_1_31' title="bbox 212 2604 1638 2670; baseline 0.001 -17"><span class='ocrx_word' id='word_1_214' title='bbox 212 2606 286 2654; x_wconf 88' lang='lat' dir='ltr'>Cl.</span> <span class='ocrx_word' id='word_1_215' title='bbox 310 2607 546 2655; x_wconf 86' lang='lat' dir='ltr'>Kusterus</span> <span class='ocrx_word' id='word_1_216' title='bbox 568 2604 630 2651; x_wconf 91' lang='lat' dir='ltr'>ad</span> <span class='ocrx_word' id='word_1_217' title='bbox 653 2604 852 2652; x_wconf 85' lang='lat' dir='ltr'>Suidam</span> <span class='ocrx_word' id='word_1_218' title='bbox 874 2605 931 2653; x_wconf 90' lang='lat' dir='ltr'>V.</span> <span class='ocrx_word' id='word_1_219' title='bbox 986 2611 1386 2670; x_wconf 77' lang='grc' dir='ltr'><em>Παραστησομεθα,</em></span> <span class='ocrx_word' id='word_1_220' title='bbox 1432 2623 1493 2655; x_wconf 88' lang='lat' dir='ltr'>ex</span> <span class='ocrx_word' id='word_1_221' title='bbox 1526 2608 1638 2655; x_wconf 89' lang='lat' dir='ltr'>edit.</span> 
     </span>
    </p>
   </div>
   <div class='ocr_carea' id='block_1_7' title="bbox 217 2733 1646 2850">
    <p class='ocr_par' dir='ltr' id='par_1_7' title="bbox 217 2733 1646 2850">
     <span class='ocr_line' id='line_1_32' title="bbox 271 2733 1646 2779; baseline -0.003 -5"><span class='ocrx_word' id='word_1_222' title='bbox 271 2741 360 2777; x_wconf 84' lang='grc'><strong>182.</strong></span> <span class='ocrx_word' id='word_1_223' title='bbox 394 2737 554 2775; x_wconf 82' lang='lat' dir='ltr'>Similem</span> <span class='ocrx_word' id='word_1_224' title='bbox 599 2747 756 2772; x_wconf 85' lang='lat' dir='ltr'>errorem</span> <span class='ocrx_word' id='word_1_225' title='bbox 800 2740 902 2772; x_wconf 80' lang='lat' dir='ltr'>errat</span> <span class='ocrx_word' id='word_1_226' title='bbox 959 2739 1074 2779; x_wconf 87' lang='lat'>1199.</span> <span class='ocrx_word' id='word_1_227' title='bbox 1121 2735 1171 2773; x_wconf 82' lang='lat' dir='ltr'>R.</span> <span class='ocrx_word' id='word_1_228' title='bbox 1191 2735 1239 2774; x_wconf 92' lang='lat' dir='ltr'>P.</span> <span class='ocrx_word' id='word_1_229' title='bbox 1274 2737 1321 2774; x_wconf 90' lang='lat' dir='ltr'>ad</span> <span class='ocrx_word' id='word_1_230' title='bbox 1358 2735 1408 2773; x_wconf 89' lang='lat' dir='ltr'>R.</span> <span class='ocrx_word' id='word_1_231' title='bbox 1438 2733 1492 2771; x_wconf 90' lang='lat' dir='ltr'>D.</span> <span class='ocrx_word' id='word_1_232' title='bbox 1549 2733 1646 2775; x_wconf 81' lang='lat' dir='ltr'>Vide</span> 
     </span>
     <span class='ocr_line' id='line_1_33' title="bbox 217 2797 1241 2850; baseline -0.001 -11"><span class='ocrx_word' id='word_1_233' title='bbox 217 2801 464 2840; x_wconf 87' lang='lat' dir='ltr'>Marklandus</span> <span class='ocrx_word' id='word_1_234' title='bbox 476 2801 525 2839; x_wconf 85' lang='lat' dir='ltr'>ad</span> <span class='ocrx_word' id='word_1_235' title='bbox 536 2797 903 2847; x_wconf 75' lang='lat' dir='ltr'>Euripid.1ph.Aal.</span> <span class='ocrx_word' id='word_1_236' title='bbox 956 2813 1068 2850; x_wconf 87' lang='lat' dir='ltr'>supra</span> <span class='ocrx_word' id='word_1_237' title='bbox 1095 2814 1133 2850; x_wconf 89' lang='lat' dir='ltr'>p.</span> <span class='ocrx_word' id='word_1_238' title='bbox 1151 2805 1241 2844; x_wconf 86' lang='grc'><strong>387.</strong></span> 
     </span>
    </p>
   </div>
  </div>
 </body>
</html>
