1864 3132
829 272 926 321 155

253 385 298 432 A
342 380 623 432 Callimachi
657 376 841 428 editore
883 381 946 427 ad
988 380 1145 444 ipsum
1191 393 1322 429 nunc
1345 347 1589 429 Callima-

75 483 78 486 *
167 462 311 510 chum
345 468 657 509 transeamus.
727 456 1073 505 Callimachum
1103 458 1300 522 inquam
1317 477 1339 508 :v
1380 475 1501 515 nam?
1528 460 1589 508 de

167 538 454 602 hymnorum
511 534 678 583 Poetae
731 533 858 580 illius
919 534 1112 582 nomine
1169 536 1588 585 cohonestatorum

165 622 362 663 auctore
415 629 500 660 seu
556 611 715 675 potius
780 610 1071 668 auctoribus,
1141 612 1269 675 quid,
1311 612 1588 670 sentiamus,
1656 616 1658 618 ’

170 694 199 724 '¹¹‘
225 689 368 738 hodie
412 688 712 745 tacebimus;
788 702 893 735 cras
945 686 1160 735 fortassis
1212 704 1265 736 re
1316 689 1588 738 accuratius
1624 685 1689 746 96

162 783 402 834 perpensa
437 766 703 830 exposituri
717 777 754 819 †.

231 847 414 912 Hymn.
438 846 488 893 in
513 844 626 893 JOV.
651 854 720 892 55.
759 848 893 891 Καλα
919 866 996 901 μεν
1024 842 1163 905 ηεξευ,
1193 850 1306 891 καλα
1329 840 1354 889 ὃ
1377 850 1589 909 ετραφες,

165 946 338 990 ουρανιε
363 919 472 988 Zeu]
531 920 639 968 Hac
663 921 722 967 de
747 919 995 984 Scriptura
1026 935 1123 966 non
1149 935 1252 967 esse
1275 919 1592 968 dubitandum

167 1000 284 1064 quin
333 1013 568 1064 germana
619 996 680 1043 sit
727 996 964 1061 judicium
1016 996 1124 1043 tulit
1173 995 1236 1044 H.
1281 995 1589 1060 Stephanus:

166 1082 198 1100 “
220 1075 458 1139 Exemplo
483 1074 608 1121 enim
637 1074 837 1137 (inquit)
875 1074 1076 1122 Homeri
1111 1080 1304 1140 ετραφες
1338 1091 1426 1138 pro
1460 1098 1593 1141 ετρα-

164 1156 197 1175 “
219 1162 307 1217 φης
362 1151 522 1198 dicere
580 1149 671 1196 sibi
727 1150 947 1213 permisit
1002 1150 1341 1199 Callimachus.
1445 1150 1595 1199 Extat

163 1234 197 1253 ‘⁶
218 1235 378 1276 autem
416 1228 545 1292 apud
583 1227 715 1274 illum
752 1227 830 1274 hic
864 1227 991 1275 illius
1025 1228 1189 1276 aoristi
1224 1243 1337 1275 usus
1373 1227 1423 1274 in
1463 1233 1594 1276 cata-

166 1308 332 1375 “logo
368 1308 573 1366 navium,

234 1389 266 1407 “
287 1388 575 1440 Τληπολεμος·
598 1382 622 1430 3
643 1406 737 1431 επει
761 1406 835 1431 ουν
857 1389 988 1449 τραφ
1010 1406 1071 1432 ενι
1095 1406 1278 1449 μεγαρῳ
1301 1407 1523 1447 ευπηκτῳ.

167 1464 200 1483 “
222 1458 320 1506 Ubi
364 1466 525 1506 tamen
569 1461 697 1523 apud
739 1460 957 1508 brevium
1010 1461 1298 1508 scholiorum
1343 1468 1592 1509 auctorem

170 1534 403 1599 “legitur
441 1541 610 1600 τραφη.
664 1535 747 1581 sed
781 1534 849 1581 ita
882 1534 1090 1600 legendo
1125 1536 1432 1582 scribendum
1467 1542 1594 1583 esset

168 1615 200 1635 “
222 1632 281 1667 εν,
318 1626 415 1657 non
439 1633 511 1665 ενι,
547 1611 640 1658 hoc
664 1611 805 1658 modo
822 1621 839 1656 ε’

211 1691 244 1710 “
266 1691 556 1742 Τληπολεμος
579 1684 603 1732 δ
627 1709 724 1734 evi-ec
747 1709 818 1734 ουν
842 1692 998 1751 τραφη
1020 1709 1066 1735 εν
1086 1709 1268 1752 μεγαρῳ
1293 1692 1546 1750 emtam-(92⁹

167 1764 232 1812 At
255 1764 381 1811 enim
406 1765 520 1828 quid
550 1771 636 1823 est,
673 1764 890 1822 obsecro,
931 1766 1062 1828 quod
1099 1767 1374 1829 quempiam
1408 1767 1594 1815 abster-

167 1856 274 1888 rere
319 1841 507 1898 debeat,
571 1856 668 1904 quo
713 1840 869 1888 minus
912 1841 981 1888 ita
1024 1841 1331 1890 scribendum
1380 1839 1596 1892 statuat?

166 1915 292 1965 «Jure
326 1915 548 1979 profecto
582 1916 806 1965 videntur
842 1917 1103 1977 Barnesius
1139 1925 1189 1966 et
1211 1918 1433 1966 Clarkius
1469 1920 1596 1967 hanc

167 1992 425 2040 lectionem
464 1994 516 2041 in
559 2000 838 2042 contextum
879 1996 1148 2058 recepisse:
1210 2010 1320 2058 quae
1360 2002 1522 2043 tamen
1555 1995 1597 2043 si

166 2085 280 2118 vera
323 2070 400 2127 sit,
446 2078 704 2119 evanescat
744 2087 942 2119 necesse
981 2079 1054 2120 est
1093 2071 1295 2119 Homeri
1334 2073 1595 2120 auctoritas

167 2147 229 2193 ad
263 2147 600 2197 vindicandum
637 2172 718 2197 του
752 2158 946 2216 ετραφες
975 2165 1066 2215 pro
1100 2157 1301 2216 ετραφης
1332 2167 1471 2199 usum
1494 2151 1595 2200 lau-

174 2225 298 2272 data.

254 2301 330 2348 Ad
364 2301 523 2351 locum
561 2319 704 2368 porro
740 2304 1020 2353 Callimachi
1061 2305 1402 2354 illustrissimus
1442 2303 1596 2368 Span-

171 2377 359 2425 hemius
413 2385 443 2403 “
467 2379 751 2430 Notandum
797 2382 998 2446 (inquit)
1045 2383 1123 2430 hic
1167 2390 1361 2450 ετραφες
1406 2381 1596 2446 passive

169 2457 203 2476 “
224 2453 449 2516 positum,
486 2455 611 2504 sicut
632 2459 830 2516 monuit,
864 2459 941 2506 cui
964 2459 1235 2524 elegantem
1259 2460 1402 2524 hujus
1428 2458 1596 2505 Poetae

170 2535 204 2555 “
226 2530 486 2579 editionem
522 2532 712 2597 aliaque
746 2534 941 2598 insuper
974 2535 1218 2592 debemuS,
1259 2535 1355 2582 rari
1389 2531 1598 2595 exempli

171 2610 204 2629 “
229 2606 399 2671 suique
455 2623 596 2655 sexus
656 2610 975 2657 eruditissima
1035 2615 1063 2643 ²¹⁵
1090 2611 1219 2658 Tan.
1278 2609 1426 2658 Fabri
1484 2607 1594 2654 filia.
1632 2612 1695 2662 97

175 2685 207 2705 “
230 2682 415 2731 Addam
458 2685 630 2733 Atticis
667 2686 717 2734 id
754 2687 998 2745 solemne3
1051 2688 1258 2736 activum
1294 2702 1470 2750 nempe
1508 2700 1599 2748 pro

173 2764 205 2783 “
230 2761 420 2823 passivo
460 2778 709 2827 usurpare.
761 2764 885 2812 sicut
918 2765 1177 2813 observant
1211 2764 1370 2813 Schol.
1406 2763 1468 2810 ad
1500 2760 1598 2809 Eu-

634 2884 658 2927 †
686 2882 773 2920 Vid.
794 2885 962 2933 Append.
981 2897 1019 2934 p.
1040 2888 1087 2922 21
1103 2884 1137 2921 ¹⁸⁵.

844 2958 897 2985 ,Υ
