1864 3132
148 555 211 606 64

154 2569 247 2634 65>

915 218 1013 268 104

251 326 575 388 “temporum
596 321 802 386 paritate
829 324 952 373 tanti
984 324 1078 373 sint
1111 330 1286 389 poetae‚
1321 339 1407 374 cur
1428 325 1669 376 trochaeus

250 399 462 447 “iambo
496 400 790 464 temporibus
824 417 914 466 par
947 418 1007 450 ex
1041 404 1251 456 carmine
1287 403 1490 455 iambico
1520 403 1670 453 nihilo

249 481 283 501 “
305 476 460 524 minus
482 483 719 542 perpetuo
743 478 1035 528 excludatur.
1099 479 1156 527 Id
1177 487 1338 528 autem
1363 480 1466 528 fieri
1485 480 1672 529 videtur

250 557 282 577 “
303 552 488 600 duabus
526 554 587 601 de
625 554 792 602 causis.
864 554 1027 603 Primo
1066 555 1173 619 ipsa
1206 556 1493 621 syllabarum
1533 552 1670 604 *dis-

249 632 281 653 “
302 627 478 691 positio
502 635 550 677 et
572 629 643 678 rei
667 630 861 680 musicae
895 632 1156 680 necessitas
1193 633 1672 699 repugnat.’'--Pro'-
1733 678 1738 684 .

246 706 377 755 fecto
400 707 439 755 si
460 707 539 756 hic
561 709 847 758 substitisset
867 711 938 759 vir
957 712 1189 770 eruditus,
1224 712 1353 760 haud
1386 713 1486 760 scio
1506 729 1670 761 annon

245 783 398 833 videri
419 792 582 849 posset
602 787 651 834 id
674 786 827 851 ipsum
851 788 1057 836 voluisse
1082 789 1210 854 quod
1245 805 1332 837 nos
1357 789 1461 855 jam
1485 790 1671 838 monui-

246 875 367 909 mus.
439 862 618 911 Verum
640 864 872 913 hactenus
895 865 1055 913 felicia
1088 882 1260 930 parum
1284 865 1490 931 feliciter
1512 868 1675 934 pergit

245 938 506 1004 explicare.
577 945 610 965 “
632 941 826 1012 Iambus
850 942 986 991 initio
1009 943 1137 992 celer
1158 944 1209 992 in
1239 944 1407 993 ultimo
1430 945 1644 1008 subsistit
1657 964 1673 1003 ;

245 1022 280 1044 “
299 1020 539 1069 trochaeus
575 1036 603 1069 e
633 1028 802 1070 contra
824 1021 979 1086 primo
1003 1028 1111 1081 stat,
1151 1023 1261 1071 mox‘
1283 1023 1467 1088 impetu
1490 1023 1670 1073 fertur:

246 1099 282 1120 “
302 1096 383 1144 hic
404 1096 556 1144 instar
587 1104 706 1146 rotae
729 1098 997 1156 volubilior,
1034 1099 1113 1147 ille
1151 1100 1332 1148 tardior
1366 1100 1671 1164 firmiorque:

246 1177 281 1199 “
302 1172 383 1221 hic
403 1175 466 1222 ab
500 1174 599 1223 alto
633 1176 896 1235 descendit,
936 1177 1015 1224 ille
1051 1193 1110 1225 ex
1148 1176 1316 1225 humili
1353 1177 1587 1244 insurgit:
1622 1178 1674 1226 in

246 1256 281 1279 “
303 1253 525 1302 omnibus
551 1250 772 1318 ‚denique
806 1260 917 1303 sunt
940 1253 1263 1313 dissimillimi3
1301 1255 1422 1303 adeo
1446 1261 1499 1303 ut
1520 1243 1676 1302 facete

246 1335 281 1357 ‘⁷‘
301 1330 621 1396 Hephaeston,
656 1337 876 1398 Τροχᾱιος
898 1336 1128 1383 α’ντιπαθει
1152 1355 1217 1395 τῳ
1240 1334 1400 1394 ιαμβῳ.
1449 1331 1676 1380 Secundo

245 1414 280 1435 “
301 1404 490 1458 versum
534 1409 624 1457 sibi
662 1411 915 1475 proprium
954 1411 1200 1459 constituit
1238 1411 1439 1468 iambus,
1485 1425 1676 1459 versum

245 1478 280 1512 “⁴
301 1484 393 1533 sibi
414 1484 666 1549 proprium
700 1485 948 1534 constituit
982 1487 1126 1534 etiam
1156 1487 1424 1545 trochaeus3
1462 1489 1511 1535 et
1533 1486 1676 1534 ambo
1719 1487 1722 1490 ’

245 1568 281 1591 “
302 1564 500 1613 diversis
544 1563 658 1612 licet
696 1563 747 1611 in
783 1564 901 1612 locis
944 1565 1135 1619 eosdem
1181 1561 1453 1613 adsciscunt
1494 1563 1674 1628 pedes:

247 1640 400 1708 “jam
423 1656 539 1689 vero
561 1638 601 1694 si
622 1656 788 1691 versus
811 1642 1042 1690 iambicus
1066 1639 1302 1691 trochaeos
1326 1641 1584 1706 recepisset
1597 1659 1612 1698 ;
1637 1639 1678 1688 si

249 1724 284 1744 “
304 1718 576 1768 trochaicus
614 1718 827 1768 iambos:
879 1716 963 1782 qui
1004 1719 1126 1767 alter
1163 1720 1225 1767 ab
1264 1720 1425 1768 altero
1461 1720 1677 1785 dignosci

248 1802 283 1823 “
304 1792 573 1862 potuisset?
661 1795 847 1845 Nonne
902 1803 1038 1844 tanta
1094 1796 1313 1845 confusio
1363 1796 1492 1845 facta
1535 1801 1675 1847 esset,

249 1878 284 1899 “
305 1880 487 1939 quanta
509 1873 613 1922 fieri
634 1879 796 1937 potest
818 1867 1090 1921 maxima?'’
1127 1874 1249 1939 Haec
1264 1874 1356 1923 ille.
1392 1873 1545 1923 Juxta
1568 1887 1675 1920 eam

250 1968 395 2017 quam
434 1952 588 2016 primo
627 1951 834 2000 instituit
871 1954 945 2002 vir
978 1951 1193 2002 eruditus
1238 1954 1489 2011 rationem,
1534 1948 1676 1999 facil'e

248 2028 490 2077 constabit
546 2029 736 2094 dactylo
792 2046 890 2077 non
949 2031 1105 2078 minus
1162 2037 1472 2094 anapaestum,
1532 2043 1675 2092 quam

248 2105 463 2154 trochaeo
485 2105 696 2154 iambum
720 2110 975 2156 αυτιπαθειν
1009 2108 1291 2172 oportuisse.
1361 2107 1490 2168 Quid
1513 2104 1679 2156 enim?

250 2181 539 2246 Anapaestus
561 2181 699 2230 initio
728 2182 856 2230 celer
887 2182 939 2230 in
976 2182 1141 2231 ultimo
1176 2183 1424 2241 subsistit;
1461 2182 1677 2248 dactylus

253 2264 422 2306 contra
454 2256 611 2322 primo
650 2263 905 2316 statjmox
939 2257 1122 2322 impetu
1164 2257 1344 2308 fertur:
1404 2258 1484 2305 hic
1527 2258 1679 2305 instar

252 2342 372 2384 rotae
393 2336 675 2395 volubilior;
710 2337 792 2386 ille
825 2336 1006 2385 tardior
1039 2336 1347 2401 firmiorque:
1386 2337 1464 2383 hic
1488 2352 1548 2385 ex
1579 2335 1679 2384 alto

253 2413 517 2472 descendit,
572 2413 653 2462 ille
699 2430 760 2463 ex
811 2413 978 2463 humili
1016 2410 1244 2481 insurgit.
1339 2413 1461 2474 Quae
1516 2419 1677 2461 tamen

255 2489 418 2537 omnia
452 2507 549 2538 non
585 2491 699 2539 satis
733 2490 882 2540 fuisse
917 2506 1003 2550 cur
1037 2491 1228 2557 dactylo
1262 2496 1532 2555 anapaestus
1559 2511 1679 2536 αντι-

257 2571 406 2625 παθοι,
457 2568 631 2617 exinde
668 2563 850 2634 liquido
878 2566 923 2599 ‘³'
939 2575 1141 2626 constat,
1189 2569 1317 2633 quod
1360 2583 1521 2617 versus
1564 2582 1679 2614 ana-

258 2644 485 2710 paesticus
541 2645 782 2711 dactylum
841 2662 938 2694 non
995 2645 1154 2694 minus
1218 2663 1359 2713 quam
1416 2645 1678 2710 spondeum

258 2722 534 2772 commodus
555 2738 612 2770 ac
633 2722 820 2787 patiens
843 2722 1129 2787 receperit.†
1180 2723 1302 2784 Quae
1316 2717 1681 2772 secundoaviro

260 2803 447 2854 erudito
500 2802 644 2852 allata
696 2809 810 2851 sunt
862 2802 1127 2851 naturalem
1182 2803 1309 2853 inter
1361 2802 1571 2852 iambum
1628 2807 1679 2850 et

752 2904 776 2946 †
792 2902 887 2941 Hor.
906 2904 956 2942 A.
977 2903 1019 2942 Ρ.
1048 2901 1138 2950 256,
1156 2907 1193 2948 7.
