1864 3132
298 236 375 279 598

329 775 368 817 9.

556 248 773 277 ADDENDA
801 250 854 277 ΕΤ
883 247 1175 279 conuenta«
1207 248 1266 278 AD
1295 251 1448 278 NOTAS.

402 340 441 378 p.
462 330 553 373 557.
579 335 689 382 atque
706 332 798 370 adeo
812 345 956 384 gnavus
971 332 1149 385 scriptum
1168 333 1236 373 fuit
1249 345 1438 380 cNAvus,
1453 335 1495 371 ut
1511 343 1619 381 aena,¹
1631 331 1720 380 lece,

404 394 494 431 etc?
535 393 711 447 Burgess.
727 397 777 435 ad
793 397 845 436 R.
861 397 917 437 D.
941 412 982 449 p.
999 403 1090 445 429.
1105 415 1116 446 ;
1145 400 1228 438 vide
1246 399 1420 437 Iudicem.

353 485 363 496 .
403 458 471 497 col.
495 463 533 498 2.
574 462 683 506 l.17.
720 468 808 512 post
835 467 860 487 “
880 466 1017 515 428.”).
1056 464 1185 512 insere,
1225 463 1377 503 Hesiodi
1412 463 1562 515 Fragm.
1598 474 1720 502 xvn.

405 524 590 564 Αἰθίοπας
608 540 654 564 τε
668 527 834 576 Λιγυστὶ
851 527 905 575 δέ,
923 528 1062 569 Σκύθας
1080 528 1349 578 ι’ππημολγοιὲς.
1379 527 1541 579 corrigit
1552 526 1600 566 H
1597 527 1722 578 eym‘m

407 589 456 626 ad
474 588 519 627 Il.
539 589 591 637 N,
624 588 662 629 6.
715 592 902 639 Αἰθίοπες,
947 591 1081 642 Λῖβνὲς
1115 593 1164 641 τ’,
1209 591 1275 639 η’ὃὲ
1307 592 1443 632 Σκύθαι
1476 592 1720 640 ἵππημολγοί.

407 651 586 701 Mallem,
614 652 751 704 Alssve'e
770 671 828 702 τε,
856 656 940 696 Ριδὲ
957 657 1025 695 Σκ.

1046 719 1269 774 ὑπάρχομεν

405 773 475 811 col.
497 775 530 810 1.
558 784 654 810 corr.
673 773 938 822 emendatione,
967 776 992 813 l.
1011 778 1074 813 24.
1108 774 1219 823 ἐσμὲν
1231 773 1319 811 MS.
1331 772 1452 811 Dorv.
1469 787 1560 820 εσμε
1576 772 1612 821 (ν
1625 769 1723 811 scal-

409 835 508 886 pello
525 840 645 887 erasa)
665 837 756 876 MS.
775 838 886 877 Harl.
904 841 972 878 col.
992 842 1073 879 2.,Ι.
1091 843 1130 878 4.
1157 839 1343 889 Toupium
1361 838 1425 890 [ad
1444 837 1546 876 Suid.
1565 849 1598 885 1,
1617 841 1718 882 87=

414 905 503 940 114.
532 902 616 941 vide
634 901 686 941 R.
699 902 747 942 P.
765 904 813 942 ad
834 904 951 954 Toup.
973 918 1010 955 p.
1028 908 1138 959 441]

307 968 369 1004 m.
404 967 475 1004 nol.
499 971 535 1004 1.
563 966 588 1004 Ι.
611 971 673 1009 17.
710 973 798 1017 post
822 973 847 992 ‘⁴
868 967 1004 1013 1067.’'
1032 968 1164 1018 insere,
1195 970 1349 1008 Thesm.
1368 967 1460 1014 761.
1497 967 1558 1007 δός
1582 984 1645 1017 μοι
1673 965 1728 1006 w*

308 1296 372 1329 11.

312 1486 374 1523 13.

315 1746 379 1780 14.

322 2277 384 2313 15.

410 1035 606 1082 σφαγεῖον.
634 1036 657 1055 “
677 1032 721 1070 In
739 1032 896 1080 schedis,
916 1033 1011 1072 Dele
1029 1035 1110 1073 τόδ’
1138 1034 1188 1073 R.
1204 1035 1253 1073 P.
1270 1035 1370 1085 apud
1388 1034 1435 1073 P.
1448 1033 1495 1073 Ρ.
1506 1034 1562 1073 D.
1599 1036 1668 1073 col.
1686 1037 1726 1072 2.

411 1099 437 1136 l.
453 1102 493 1135 4.
516 1103 604 1147 post
630 1103 653 1122 “
671 1101 864 1150 agamus.”
889 1101 1020 1149 insere,
1047 1102 1219 1141 Mesallae
1231 1101 1384 1140 Corvini
1393 1101 1486 1139 liber
1501 1101 1547 1139 de
1567 1101 1594 1139 S
1605 1100 1731 1147 litera,

410 1162 449 1200 ni
468 1163 620 1212 jactura
641 1176 730 1202 sane
756 1164 852 1203 tristi
870 1170 980 1217 atque
998 1168 1133 1204 acerba
1150 1166 1326 1217 periisset,
1353 1171 1475 1203 cetera
1491 1164 1731 1215 persequendi

411 1226 627 1266 necessitate
643 1240 705 1266 me
722 1228 830 1266 facile
848 1229 1051 1269 liberasset.

410 1293 478 1328 col.
503 1295 537 1328 1.
572 1291 597 1328 l.
620 1296 653 1329 1.
686 1296 773 1340 post
801 1297 827 1315 “
848 1294 981 1342 431.)”
1020 1294 1149 1339 insere,
1187 1293 1380 1342 Aristoph.
1410 1293 1487 1330 Av.
1509 1294 1602 1330 215.
1640 1296 1663 1314 “
1683 1290 1731 1329 L.

413 1356 566 1402 μίλακος·
584 1367 631 1394 ex
649 1348 741 1393 Ald.
759 1361 797 1394 et
816 1355 962 1394 Schol.''
989 1355 1039 1394 R.
1051 1356 1100 1394 P.
1118 1357 1216 1407 apud
1234 1357 1280 1395 P.
1290 1357 1336 1394 P.
1349 1355 1419 1403 D.‚
1447 1367 1556 1407 quem
1573 1355 1669 1395 conf.
1683 1356 1732 1394 ad

415 1418 517 1456 Nub.
538 1422 654 1457 1003.

413 1482 485 1522 coll
517 1487 552 1521 1.
586 1487 612 1523 l.
633 1488 697 1523 24.
724 1484 822 1523 hanc
841 1485 1011 1525 Maronis
1028 1486 1203 1525 lacunam
1222 1488 1292 1524 col.
1306 1489 1344 1525 2.
1362 1486 1387 1524 l.
1402 1490 1464 1524 10.
1488 1491 1575 1537 post
1593 1491 1619 1510 “
1633 1485 1734 1525 Cau-

417 1549 494 1586 tab.
505 1549 543 1594 ;'’
569 1549 702 1597 insere,
729 1555 766 1588 et
794 1551 884 1590 MS.
913 1551 1012 1591 coll.
1042 1552 1164 1591 Jesus.
1191 1553 1216 1590 l.
1238 1555 1300 1596 17.
1328 1550 1532 1590 rudentem·
1553 1550 1623 1599 (sic
1638 1549 1734 1591 MS.

422 1611 514 1650 Co'll.
533 1612 672 1664 Jesus.)
699 1617 723 1654 l.
742 1619 807 1654 22.
829 1621 918 1666 post
935 1621 961 1640 “
980 1629 1150 1656 summus
1162 1616 1200 1662 ;'’
1224 1615 1354 1663 insere,
1369 1615 1594 1667 ferratosque
1612 1615 1738 1655 trudes

417 1676 511 1716 MS.
530 1677 622 1716 Coll.
639 1678 762 1718 Jesus.

414 1744 484 1781 col.
514 1747 548 1780 1.
584 1743 608 1781 l.
638 1748 699 1782 10.
722 1750 810 1794 post
828 1745 988 1784 Cantab.
1012 1745 1141 1793 insere,
1159 1750 1196 1784 et
1214 1745 1333 1784 MSS.
1352 1745 1449 1784 Con.
1464 1746 1587 1795 Jesus.
1615 1748 1737 1786 c01.2.

421 1807 446 1846 l.
463 1810 501 1845 3.
545 1807 618 1845 Sed
647 1808 686 1846 in
717 1808 874 1859 epistola
902 1810 951 1848 ad
979 1809 1146 1849 Millium
1174 1824 1210 1860 p.
1231 1815 1269 1848 2.
1303 1810 1531 1861 jampridem
1558 1810 1741 1850 citaverat

420 1877 571 1922 sperata
587 1873 756 1924 voluptas
765 1889 781 1918 ,·
809 1881 846 1913 et
863 1874 994 1914 earm.
1014 1888 1044 1923 1,
1071 1876 1190 1922 xxvii,
1213 1879 1274 1914 13.
1313 1876 1481 1926 voluptas
1508 1876 1598 1916 MS.
1628 1877 1738 1915 Grae—

422 1938 566 1977 vianus.
595 1938 656 1977 De
673 1939 819 1978 tendere
836 1945 873 1978 et
889 1941 1079 1978 extendere
1098 1939 1180 1978 vide
1198 1939 1249 1977 R.
1264 1939 1312 1978 B.
1329 1940 1378 1977 ad
1395 1939 1492 1978 Hor.
1511 1939 1630 1990 Epist.
1648 1951 1679 1986 1,
1698 1952 1738 1986 v,

426 2009 490 2042 11.
528 2005 573 2043 de
590 2010 738 2055 expecto
755 2011 792 2045 et
809 2012 936 2056 expeto
953 2007 1002 2044 ad
1018 2007 1104 2044 Ter.
1123 2006 1219 2043 Eun.
1238 2017 1302 2050 ιν,
1319 2005 1370 2050 vi,
1389 2006 1427 2042 5.
1468 2003 1612 2042 Mur-et.
1632 2003 1735 2055 opp.

424 2082 479 2117 11,
506 2073 599 2109 415.
637 2075 664 2095 “
682 2070 980 2121 magmmficisse
995 2068 1259 2107 multitudinem
1276 2080 1397 2106 eorum
1414 2067 1476 2118 qui
1480 2067 1662 2120 fanorum
1679 2081 1744 2107 or-

422 2137 591 2169 namenta
607 2132 902 2181 exspectarent.’‘
947 2137 972 2156 “
993 2132 1163 2170 Muretus
1181 2131 1398 2181 scripserat:
1442 2144 1494 2170 m.
1514 2131 1542 2169 f.
1572 2132 1740 2171 multitu·

423 2196 548 2234 dinem
562 2208 703 2242 eorum,
722 2195 784 2246 qui
798 2195 967 2235 fanorum
986 2200 1204 2235 ornamenta
1219 2198 1462 2246 spectarent?
1497 2195 1553 2234 D.
1572 2195 1623 2235 R.
1649 2197 1697 2242 ad
1714 2196 1742 2234 l.

421 2274 447 2312 l.
471 2275 511 2310 2.
551 2275 675 2308 vectat
706 2269 763 2310 D.
791 2270 978 2309 Heraldus
989 2286 1005 2315 ;
1054 2283 1150 2309 nunc
1185 2269 1232 2307 ad
1272 2268 1479 2319 Withqfium
1510 2269 1715 2320 propendeo
1731 2283 1741 2307 ι

427 2340 452 2360 “
470 2335 570 2374 Cum
598 2347 689 2373 mox
714 2334 868 2383 dicatur,
897 2336 1126 2375 Charontem
1156 2334 1378 2386 applicuisse
1408 2334 1534 2373 navim
1561 2334 1674 2383 livori,
1701 2342 1746 2374 ut

427 2412 555 2438 manes
573 2399 759 2449 reciperet,
769 2400 819 2438 dii
835 2401 931 2449 boni,
943 2402 1126 2452 quomodo
1138 2401 1222 2452 jam
1238 2406 1323 2438 ante
1340 2405 1485 2450 tempus
1499 2403 1659 2451 gestare,
1676 2412 1741 2437 seu

428 2471 575 2504 vectare
592 2464 688 2512 illos,
706 2467 847 2505 nararri
865 2469 1040 2518 potest?”
1067 2469 1243 2507 Praemet.
1261 2480 1297 2518 p.
1316 2465 1382 2506 60.
1409 2469 1436 2505 t.
1454 2464 1514 2505 16.
1531 2467 1555 2504 i.
1568 2478 1601 2503 e.
1619 2470 1645 2489 “
1657 2466 1739 2504 Nec

429 2542 512 2577 vos,
530 2541 552 2567 o
570 2530 754 2580 magistri,
773 2530 859 2568 licet
875 2536 1000 2570 tenues
1019 2532 1093 2571 sint
1109 2532 1214 2571 vobis
1232 2544 1333 2582 opes,
1351 2530 1516 2569 fraudate
1527 2528 1743 2568 Minervam

430 2593 566 2634 saltem
583 2594 727 2631 termite
745 2595 919 2646 quodam,
937 2595 999 2634 vel
1015 2596 1122 2647 virga
1139 2596 1242 2635 turis.
1272 2595 1472 2634 Gratianus
1489 2593 1632 2646 Cyneg.
1654 2598 1744 2634 132.

430 2661 586 2699 Termes
603 2657 648 2696 ab
666 2657 758 2696 Eois
775 2659 989 2698 descendens
1005 2661 1112 2712 virga
1131 2659 1290 2698 Sabaeis”
1316 2661 1342 2698 l.
1361 2662 1424 2698 35.
1459 2658 1572 2696 Immo
1589 2658 1690 2698 ducit
1705 2659 1747 2698 in

433 2729 550 2770 textu,
578 2726 616 2760 et
642 2721 747 2760 findit
763 2723 801 2759 in
819 2725 982 2776 margine
1003 2723 1091 2763 Cod.
1107 2723 1198 2762 Coll.
1217 2723 1295 2763 Jes.
1314 2735 1444 2762 amoma
1460 2723 1609 2763 recenti.
1638 2725 1665 2763 Ι.
1679 2735 1747 2774 pe-

432 2788 526 2825 nult.
539 2791 627 2836 post
653 2790 679 2810 “
699 2792 865 2837 spectat:
894 2788 1025 2835 insere,
1057 2793 1083 2812 “
1102 2789 1283 2839 oppositio
1311 2793 1367 2827 est
1391 2787 1485 2826 inter
1514 2787 1680 2838 deceptos
1709 2791 1748 2825 ct

434 2856 591 2903 spectat,
610 2865 684 2892 non
701 2858 827 2892 autem
843 2859 980 2904 sperat.
1017 2854 1121 2894 Nam
1129 2867 1281 2905 sperans
1297 2853 1414 2905 decipi
1430 2857 1561 2906 potest,
1578 2857 1747 2904 spectans
