1864 3132
848 178 949 231 218

177 289 228 338 in
261 305 402 338 versu
435 284 581 338 etium
615 287 785 336 ultimo
818 288 947 337 idem
983 287 1149 338 scribit
1182 304 1242 336 το
1268 309 1301 336 τ
1335 297 1404 337 0:
1453 287 1613 336 locum

176 372 340 414 autem
376 366 445 414 sic
474 365 854 429 interpretatur:
908 363 1118 414 Dudum
1154 370 1225 413 est
1259 378 1371 412 cum
1403 370 1483 411 me
1514 361 1616 418 Dei

178 442 393 507 scyphus
413 448 571 500 vocat,
604 441 802 491 literam
825 442 1084 490 ostendens
1114 452 1168 499 Δ,
1203 451 1236 498 1,
1270 447 1315 488 et
1337 439 1536 488 tertiam
1559 448 1613 487 O.

180 517 329 565 etiam
352 528 390 566 N
418 518 559 567 adest
572 538 594 575 ;
642 534 799 583 neque
829 517 968 566 abest
999 529 1048 567 Υ,
1099 518 1310 566 ulterius
1337 516 1616 580 praedicant

181 592 283 642 Dei
301 610 477 643 nomen
508 595 620 644 duce
650 595 805 644 literae
841 606 875 642 Σ
907 601 953 643 et
985 605 1037 643 Ο.
1110 595 1291 643 Verum
1323 594 1468 660 juxta
1489 595 1618 641 hanc

178 671 628 735 interpretationem
663 679 804 721 atrox
838 673 888 720 in
931 672 1118 721 Graecis
1154 673 1364 721 habetur
1404 670 1619 720 soloecis-

181 763 304 806 mus,
349 758 386 796 O
422 756 589 815 σκυφος
628 756 813 815 φαινονζ
868 766 1030 815 neque
1072 749 1200 797 enim
1238 750 1318 796 hic
1354 755 1510 812 φαινον
1542 763 1620 795 al·-

182 824 348 872 chaice
371 825 517 873 scribi
540 842 631 890 pro
655 834 820 893 φαινων
851 833 1144 892 argumento
1175 833 1247 873 est
1275 826 1480 873 alterum
1502 823 1622 872 illud

184 904 316 947 Ιωτα.
386 899 610 966 Utraque
635 913 783 977 porro
808 902 1092 969 conjectura
1114 902 1217 950 viro
1247 917 1433 949 summo
1463 902 1621 949 minus

184 971 390 1024 feliciter
427 977 584 1026 cessit
655 971 872 1044 Nempe
916 979 1105 1037 tertiuS,
1153 995 1296 1044 quem
1341 977 1622 1036 venditavit,

185 1056 214 1085 ⁸
226 1066 392 1103 versus
409 1052 569 1103 nullus
587 1063 673 1105 est.
723 1056 836 1105 Nec
852 1067 967 1106 vero
985 1056 1024 1104 si
1045 1061 1114 1104 Nv
1131 1079 1186 1104 τε
1202 1079 1255 1104 av
1273 1056 1471 1113 scribas,
1492 1055 1624 1119 quod

186 1138 236 1181 et
257 1147 288 1180 a
309 1132 414 1181 viro
437 1134 628 1182 doctiss.
652 1134 927 1198 profectum
953 1134 1191 1192 existimo,
1227 1135 1488 1198 quidquam
1513 1148 1624 1197 pro-

119 1233 127 1249 ι
186 1210 392 1261 feceris:
453 1228 564 1260 nam
609 1213 659 1260 in
705 1229 870 1261 versus
917 1214 1170 1261 scansione
1216 1212 1495 1261 necessario
1539 1212 1624 1260 eli-

187 1285 347 1336 denda
390 1294 465 1336 est
500 1290 679 1339 vocalis
716 1291 877 1339 brevis
913 1298 1150 1355 sequente
1179 1291 1345 1338 altera.
1428 1291 1488 1338 In
1521 1289 1624 1338 istis

186 1371 350 1412 autem
386 1386 444 1413 w
476 1385 510 1414 τ·
545 1372 581 1415 Ο
617 1368 806 1416 articuli
845 1361 968 1416 usus¹
998 1369 1163 1417 Graeei
1204 1368 1439 1415 sermonis
1474 1367 1624 1414 indoli

190 1444 485 1492 adversatur.
567 1446 824 1494 Faciamus
860 1447 965 1532 jam
1008 1453 1058 1494 et
1103 1462 1193 1494 nos
1235 1446 1518 1509 periculum,
1559 1461 1622 1492 an

188 1520 447 1568 lectionem
505 1537 769 1587 suggerere
826 1523 1064 1586 possimus
1121 1523 1255 1570 nullo
1319 1521 1625 1569 incommodo

189 1596 547 1647 laboraturam:
586 1613 692 1645 eam·
717 1598 869 1663 igitur
891 1599 960 1646 sic
984 1599 1190 1662 concipe
1210 1618 1220 1647 ε

1019 1710 1091 1736 και
1119 1702 1277 1752 τριτον

328 1770 417 1810 ΟΥ.
451 1772 529 1810 ΝΥ
558 1781 767 1826 napea-rt,
803 1785 901 1811 κουκ
930 1785 1145 1812 απουσιαν
1172 1786 1265 1830 εχει

328 1848 375 1887 Υ.
411 1859 438 1887 κ
466 1859 548 1887 του
575 1855 750 1888 ‘rr-secema
782 1850 914 1900 ΣΑΝ,
944 1858 1033 1889 ‘ro-1·
1064 1851 1153 1890 ΟΥ.
1194 1856 1468 1907 κηρυσσετον

190 1945 275 1989 aut
317 1940 745 1988 etiam—amman
789 1963 846 2006 εχ
891 1951 925 1989 Υ
974 1952 1036 1989 Εκ
1081 1965 1353 1992 τουπεκεινα.
1428 1930 1628 2007 Nempe

190 2041 406 2068 απουσιαν
446 2040 540 2083 εχει
578 2019 685 2083 pari
724 2019 914 2067 ratione
954 2019 1034 2066 hic
1074 2020 1266 2079 dicitur,
1305 2013 1460 2084 ¹atque
1499 2020 1628 2084 apud

193 2094 483 2160 Sophoclem
509 2120 751 2163 παρονσιαν
772 2121 891 2164 exe-tv
923 2099 999 2164 Aj.
1025 2110 1127 2148 540.

328 2183 386 2232 Tc
411 2182 523 2241 δητα
551 2194 701 2244 μέλλει
730 2210 815 2243 μηυ
844 2196 1172 2236 ΠΑΡΟΥΣΙΑΝ
1205 2198 1407 2248 EXE1N3

198 2291 342 2352 Quod
384 2299 550 2341 autem·
591 2297 655 2342 ad
696 2297 896 2346 verbum
943 2298 1091 2346 duale·
1127 2319 1401 2364 κηρνσσετον
1437 2300 1627 2359 attinet,

197 2367 332 2432 finge
370 2369 512 2417 m'odo
547 2369 773 2436 Satyrum
806 2374 926 2422 duos
966 2375 1046 2422 hic
1080 2375 1290 2439 adloqui,
1331 2383 1386 2424 ut
1425 2399 1515 2425 τοτ
1554 2386 1629 2424 ΟΥ

195 2464 469 2510 κήρυσσε-τον
504 2446 675 2506 valeat,
716 2455 819 2498 tum
846 2451 1046 2500 >demum
1083 2443 1177 2517 [ut
1194 2453 1435 2519 integram
1466 2452 1631 2517 poculi

195 2521 563 2588 inscriptionem
603 2526 909 2591 compleatis]
960 2527 1003 2575 Ο
1035 2529 1287 2596 proferte:
1349 2536 1398 2578 et
1435 2537 1630 2579 senten-

198 2599 314 2649 tiam
358 2609 436 2650 sat
476 2604 774 2653 commodam
821 2606 1037 2654 habebis.
1141 2607 1373 2673 Denique
1421 2608 1515 2656 ista
1566 2612 1631 2656 To

200 2695 390 2740 Ὕραμμα
414 2686 572 2746 φαινον
594 2681 929 2747 interpretare,
977 2681 1137 2749 Cujus
1152 2680 1407 2749 inscriptio
1423 2685 1632 2752 praesert

202 2763 242 2800 Δ
267 2764 362 2810 δεῖ.
418 2757 615 2823 Nempe
649 2758 755 2807 hoec'
782 2760 938 2810 verba·
963 2760 1192 2812 absolute
1212 2769 1508 2826 infirmantur
1530 2774 1628 2808 non

1663 1055 1752 1095 123
