1864 3132
871 179 948 228 37

197 285 454 346 Quartum,
473 282 560 333 uti
571 298 610 332 a
630 296 736 331 varo
752 282 934 331 doctiss
939 281 987 346 πί·
1009 295 1174 348 nuper
1185 279 1415 371 ιορςιιονί,
1450 295 1633 345 reproe-

197 368 358 412 sentat
380 361 535 410 codex
554 358 667 409 MS
850 381 869 406 s.
894 402 897 405 .
1276 398 1298 407 ..

271 458 450 508 Graeca
473 455 810 522 diphthongus
832 439 919 503 sed
936 458 1038 503 ΟΥ·
1050 453 1207 502 literis
1226 452 1414 502 nostris
1433 456 1598 501 vacat.

175 557 346 607 ‘Unde
367 556 522 620 liquet
541 539 764 604 vocu'lai‘n
785 559 966 602 tamen
970 539 1172 600 retineri
1190 550 1473 614 neutiquam
1491 563 1638 614 opor-

199 645 317 686 tere.
389 635 604 684 Proinde
626 635 829 683 alteram
851 639 1019 682 autem
1042 631 1110 679 sic
1130 631 1296 695 potius
1317 628 1634 686 inseruerim:

272 733 453 783 Groeca
475 732 814 797 diphthongus
845 730 932 780 sed
963 735 1128 779 autem
1155 733 1247 777 -ΟΥ
1277 725 1435 776 literis
1455 722 1640 775 nostris

399 816 564 858 vacat.
1305 808 1309 813 “

191 912 229 941 ’*
245 909 538 976 Conjunctae
571 907 884 973 reperiuntur
915 905 1103 956 voculae
1137 902 1223 953 sed
1266 908 1435 952 autem
1479 900 1639 950 Plaut.
1683 909 1743 949 12

204 984 332 1033 Rud.
361 1002 416 1033 11.
441 1001 485 1034 v.
517 984 582 1034 15.

269 1073 369 1132 Sed
389 1081 612 1141 autem,²1
636 1083 754 1149 quid
775 1082 820 1131 si
835 1081 970 1132 hanc
993 1079 1108 1130 hinc
1124 1077 1391 1130 abstulerit
1404 1076 1646 1144 quispiam

271 1159 482 1210 Sacram
502 1175 687 1210 urnam
719 1159 917 1211 Veneris
931 1159 956 1209 ?
1571 1182 1573 1186 ·

203 1272 270 1323 Et
290 1271 428 1339 Virg
453 1271 649 1321 AEn.11.
680 1283 774 1320 101.

250 1360 372 1409 Sed
409 1359 528 1426 quid
570 1375 663 1425 ego
708 1358 838 1408 hoee
857 1364 1021 1407 autem
1055 1354 1396 1422 nequicquam
1439 1350 1651 1416 ingrata

403 1436 659 1485 revolvo?
752 1432 774 1441 ”

211 1546 514 1596 Semidoctus
532 1546 707 1610 opinor
723 1545 899 1609 aliquis
915 1546 1087 1592 harum
1107 1542 1388 1592 vocularum
1407 1555 1653 1607 *concursu

211 1624 438 1682 offensuS,
462 1640 521 1672 ac
544 1625 686 1672 metri
708 1623 902 1671 interim
927 1637 1142 1678 securus,
1176 1619 1380 1667 alteram
1403 1612 1657 1665 eliminan-

210 1705 320 1752 dam
366 1701 566 1751 curavit.
660 1701 809 1750 Extat
853 1707 904 1748 et
946 1695 1070 1748 alter
1114 1698 1247 1762 apud
1280 1697 1653 1746 ‘Terentianum

206 1770 361 1838 iocus,-
386 1795 500 1843 pag.
526 1790 597 1832 79.
621 1778 652 1825 1·.
674 1790 709 1825 ι.
733 1778 818 1826 vix
839 1778 934 1826 nisi
951 1776 1100 1825 ¹simili
1124 1776 1365 1824 medicina
1381 1777 1653 1826 sanandus:

282 1895 538 1959 Spondeus
559 1901 727 1943 autem
748 1899 939 1942 metron
961 1892 1051 1942 hoc
1076 1893 1268 1942 locatus
1291 1898 1421 1940 ante.

213 2005 413 2069 Nempe
456 2020 648 2053 versum
686 1982 824 2051 ‘hunc
879 1986 942 2051 ad
998 2001 1227 2051 normam·
1253 2001 1480 2050 ‘Ionicam
1528 2000 1658 2066 exigi

215 2087 422 2146 oportet.
495 2080 640 2141 Quod
661 2086 716 2128 ut
738 2080 838 2138 fiat,
862 2078 1094 2137 rescribo,
1121 2078 1376 2142 Spondeus
1394 2084 1451 2125 at
1474 2084 1656 2126 autem.

285 2187 415 2244 Olim
433 2189 512 2237 hic
523 2188 899 2241 emendaveram
913 2186 1060 2253 juxta
1075 2185 1206 2252 vu‘lg.
1237 2185 1465 2254 lectionis
1479 2184 1657 2234 fidem:

279 2276 470 2358 Graeca
489 2276 646 2360 literis
659 2276 996 2355 diphthongus
1010 2281 1094 2362 ΟΥ
1114 2282 1280 2323 tamen
1295 2272 1480 2349 nostris
1492 2278 1655 2323 vacat.

218 2353 383 2449 Atque
404 2384 550 2450 hujus
561 2385 779 2448 quidem
788 2400 957 2439 versus
990 2384 1051 2431 de
1086 2390 1241 2432 metro
1265 2399 1364 2435 non
1386 2389 1479 2434 est
1483 2399 1573 2445 cur
1595 2383 1659 2431 sis

218 2464 464 2522 sollicituS,
489 2478 547 2511 ac
570 2463 610 2511 si
631 2463 775 2512 tertio
807 2463 916 2512 loco
946 2463 1184 2518 habeatur
1206 2462 1465 2527 spondeus.
1524 2459 1658 2509 Nam

270 2592 452 2636 †Joanne
469 2589 646 2640 Tayioro.
676 2615 681 2617 -
737 2609 740 2614 ·
966 2589 1128 2627 Easdem
1158 2589 1306 2627 vacuam
1339 2586 1532 2638 ‹conjaemgit
1567 2585 1659 2622 idem

271 2661 339 2696 21.
386 2657 459 2695 Sed
488 2656 663 2707 autem]
671 2655 751 2693 Sed
785 2661 911 2695 autem
969 2655 1162 2693 Terentius
1210 2654 1367 2695 Phorm.
1418 2657 1547 2701 4,2‚
1596 2655 1657 2689 11.

225 2721 396 2759 Terentio
416 2720 534 2758 Andr.
554 2723 592 2767 5,
610 2723 649 2767 3,
666 2723 736 2758 15.
739 2720 913 2759 restituit
966 2719 1020 2758 R.
1034 2718 1079 2757 P.
1449 2744 1451 2746 -

226 2782 428 2833 Bentleius,
457 2786 615 2824 adducto
635 2783 795 2836 Virgilii
822 2786 912 2825 loco.
1007 2793 1009 2795 ’
