1786 3178
736 229 1011 264 PRAEFA'no.
1560 219 1592 260 v

159 323 385 390 malignae
409 321 657 370 materiem
680 323 991 386 praeberent;
1029 319 1259 386 quicquid
1297 335 1327 365 a
1359 319 1461 367 ludi
1497 333 1594 367 ma-

160 411 315 475 gistro
339 409 693 458 cavillationum
718 409 866 472 spinis
890 424 949 455 ac
979 404 1163 456 retibus
1185 406 1415 470 impedito
1439 404 1595 452 minus

163 487 368 544 honeste
403 496 583 544 dictum
619 496 878 554 excideret,
918 495 969 542 in
1004 495 1216 543 deterius
1254 495 1600 557 detorquerent

160 584 456 648 pervicaces.
527 582 859 630 Veruntamen
884 582 1004 630 nihil
1027 582 1093 629 illi
1117 588 1188 630 tot
1211 567 1454 644 tantisque
1477 580 1599 627 doti-

159 670 253 734 bus
275 670 481 734 praedito
505 670 798 726 condonare,
835 669 956 725 nihil
986 649 1275 735 ignoscere3
1317 667 1604 732 dignitatem

162 742 308 807 etiam
349 759 447 807 sui's
487 759 640 822 ipsius
663 758 844 806 meritis
878 765 1068 822 partam
1103 758 1370 821 despicatui
1403 758 1605 814 habere,

109 876 113 882 ·
163 847 259 895 hoc
281 863 398 894 sane
420 847 544 903 adeo
564 847 838 899 luctuosum
869 854 958 905 est,
999 854 1068 905 ut,
1108 848 1150 894 si
1185 847 1305 897 nihil
1339 849 1602 913 quidquam

164 933 295 981 aliud
316 941 457 991 esset,
492 932 642 980 animi
674 933 736 980 de
764 919 968 980 munere
990 947 1079 980 suo
1099 930 1401 980 deflectentis
1431 933 1606 995 proba-

164 1018 315 1087 bilem
345 1019 586 1068 rationem
619 1020 823 1067 reddere
856 1027 1035 1083 posset.
1107 1019 1235 1080 Quid
1267 1018 1444 1083 plura?
1512 1020 1609 1068 lni-

169 1100 322 1170 quum
367 1122 468 1154 suae
525 1107 680 1154 aetatis
727 1106 967 1172 judicium
1023 1123 1177 1171 spem,
1241 1113 1509 1155 extremum
1562 1116 1610 1156 et

167 1210 424 1242 commune
447 1193 686 1254 solatium,
719 1195 936 1260 graviter
958 1194 1212 1252 imminuit,
1244 1201 1295 1242 et
1316 1210 1424 1242 cum
1450 1195 1608 1243 morbi

169 1281 388 1329 cruciatu
411 1281 770 1347 confligentem,
795 1288 852 1330 ut
871 1282 1042 1341 fertur,
1067 1283 1127 1331 de
1146 1282 1351 1329 sanitate
1369 1297 1427 1328 ac
1446 1289 1610 1329 mente

170 1365 366 1419 tandem
410 1366 698 1416 deturbavit.
770 1366 947 1415 Utrum
984 1368 1035 1414 in
1082 1366 1179 1414 fide
1225 1365 1498 1414 Servatoris
1538 1365 1613 1413 sui

171 1457 299 1498 esset
335 1451 568 1511 infirmus,
606 1454 763 1518 judex
800 1461 905 1502 esto
947 1453 1098 1513 Deus,
1140 1453 1522 1516 sapientissimus
1562 1458 1613 1501 et

175 1540 381 1587 maxime
402 1540 648 1604 benignus
671 1540 884 1621 pectoris
906 1541 1106 1588 humani
1129 1546 1384 1610 scrutator.
1427 1555 1429 1557 ·

243 1627 322 1674 Ad
343 1628 472 1689 hanc
493 1628 865 1686 sacratissimam
879 1627 1153 1685 Musarum
1180 1607 1352 1684 sedem
1373 1628 1620 1682 accedens

176 1721 282 1763 erat
302 1715 517 1765 moribus
538 1707 743 1779 placidis
755 1721 813 1777 ιιι
820 1715 1122 1769 mansuetis.
1158 1711 1306 1765 Sed
1386 1716 1615 1768 escentiae

175 1804 300 1852 inest
317 1803 527 1874 maxima
539 1818 569 1873 ι
578 1803 812 1889 2952.
833 1825 838 1842 ε
853 1802 1092 1861 consilii3
1118 1818 1278 1875 [ωερε
1390 1804 1429 1852 is
1451 1810 1616 1855 aucto—

177 1891 320 1939 ritate
337 1896 388 1939 et
413 1956 417 1958 .
438 1878 618 1955 ·,6,μῇ.
747 1889 963 1966 fcorum
983 1891 1241 1939 destitutus
1260 1891 1407 1938 sociis
1421 1891 1616 1939 minime

177 1977 422 2057 optiu2„
440 1966 495 2038 ’ἦ
515 2028 518 2034 ,
755 1975 1315 2043 ²⁷*qesaimplicu1tSi
1336 1978 1615 2025 Dawesium

407 2120 452 2143 c
604 2091 611 2107 ι
654 2062 842 2125 k
907 2081 934 2110 e
970 2064 1281 2128 morigerum,
1324 2071 1373 2111 et
1416 2063 1617 2128 egregie

180 2133 752 2220 morata'exhiberem
788 2168 952 2199 nonne
988 2168 1153 2199 manes
1190 2152 1343 2199 critici
1390 2159 1486 2199 tam
1517 2152 1618 2199 veri

180 2239 362 2285 tenacis
388 2254 465 2285 me
493 2255 629 2286 reum
669 2239 908 2285 mendacii
932 2245 1151 2303 agerent,
1189 2245 1238 2285 et
1266 2239 1314 2284 in
1339 2237 1616 2284 temeiitate

181 2326 487 2392 gloriantem,
505 2332 737 2389 tanquam
762 2325 1243 2389 impudentissimum,
1260 2324 1413 2389 jurati
1428 2323 1620 2388 judices

182 2411 599 2479 pronunciarent?
676 2414 830 2460 Immo
887 2413 954 2459 illi
1014 2413 1065 2460 in
1125 2413 1401 2460 Dawesium
1461 2412 1622 2475 potius

183 2501 398 2556 saeviant,
435 2499 518 2561 qui
543 2515 594 2545 se
618 2498 748 2546 nulla
772 2499 1045 2561 corruptela
1070 2498 1280 2546 irretitos
1304 2497 1535 2544 sentiunt.

251 2587 311 2634 In
335 2586 427 2632 hac
452 2585 730 2641 Academia,
755 2600 898 2647 quam
924 2582 1352 2648 Camogephyram
1375 2582 1618 2646 appellare

185 2673 383 2729 solebat,
418 2687 573 2734 annos
597 2671 844 2717 duodenos
870 2678 1191 2718 commoratus
1215 2677 1288 2717 est
1309 2689 1320 2727 ;
1360 2677 1409 2717 et
1433 2670 1621 2732 quoties

185 2761 248 2808 ab
287 2760 391 2807 aliis
431 2759 561 2807 curis
597 2765 682 2805 aut
719 2759 954 2806 illecebris
994 2775 1098 2806 sese
1138 2759 1312 2806 abduci
1355 2764 1618 2821 pateretur,

189 2847 459 2896 Atticorum
483 2851 735 2910 poetarum
762 2845 1097 2892 consuetudini
1133 2862 1183 2893 se
1219 2852 1371 2893 totum
1408 2844 1617 2899 dedidit3
