1864 3132
815 199 915 249 575

155 314 207 360 ὅι
254 311 397 360 tertio
420 310 483 359 ob
515 309 749 358 soloecam
783 309 1223 359 constructionem*
1262 307 1327 356 To
1360 312 1524 365 μελλον
1558 307 1586 373 ᾖ

159 397 473 438 KPAINOITO
508 391 891 453 προυτεθεσπικει,
924 387 977 438 ὥς
1011 395 1157 435 ΧΡΗ;
1200 385 1262 432 ob
1296 382 1587 432 sententiam

158 466 368 529 denique
401 466 658 529 absurdam
692 465 815 512 adeo
849 470 904 511 ut
928 463 1047 511 nihil
1070 478 1247 526 supra:
1287 477 1386 525 qua
1406 458 1591 507 scilicet

126 575 129 577 -
160 539 445 596 declaratur,
503 539 808 602 superandos
865 538 1058 603 quidem
1114 540 1227 585 esse
1276 535 1361 602 qui
1416 536 1592 582 ‘rerum

160 632 352 664 summa
381 620 686 677 poterentur,
720 614 773 662 id
806 631 922 662 vero
961 629 1119 680 neque
1152 612 1262 661 dolo
1298 618 1464 659 tamen
1499 623 1591 656 nec

159 692 342 739 virtute
365 689 492 754 effici
516 705 674 753 posse.
749 690 964 741 Alterum
994 705 1139 753 porro
1161 687 1384 754 germani
1406 683 1593 752 ingenii

163 770 496 818 soloecismum
518 777 683 818 extare
705 769 874 818 video:
914 785 1026 833 pag.
1059 774 1138 816 163
1164 769 1323 831 (Pers.
1349 777 1451 825 791,
1474 766 1558 827 2.).

299 865 352 906 Ει
384 883 443 916 μη
477 862 779 924 στρατευοισθ
812 881 854 910 ες
888 880 966 905 τον
1001 863 1213 914 Ελληνων
1245 877 1404 914 τοτε-ον,

298 941 346 983 Μ
357 934 406 992 ηδ
440 959 475 983 ει
509 958 774 1001 στρατευμα
807 943 961 984 πλειον
997 944 1057 981 HI
1082 957 1139 982 το
1164 932 1430 991 Μηδικον.300

89 1038 92 1041 ’
165 1026 303 1093 Lege
326 1043 442 1076 vero
465 1036 619 1076 πλειον
651 1018 747 1074 EIH
772 1025 980 1084 Μηδικον.
1038 1032 1088 1074 Ει
1113 1050 1173 1083 μη
1195 1027 1598 1091 στρατευοισθε-

162 1101 527 1162 μηδε-ειη-.”
591 1103 836 1151 Ulteriore
870 1109 1032 1151 autem
1067 1102 1247 1150 auxilio
1270 1101 1456 1166 indiget
1478 1098 1597 1147 AEs-

166 1179 311 1246 chyli,
345 1181 395 1228 in
420 1196 519 1244 qua
550 1196 811 1238 versamur,
849 1181 1045 1246 pagina.
1118 1179 1278 1244 Supra
1307 1179 1476 1243 utique
1513 1177 1596 1224 lin.

165 1256 339 1317 9·(785,
365 1262 409 1314 6,
425 1259 507 1318 7.).
544 1257 612 1304 sic
636 1258 865 1320 scriptum
886 1257 1096 1322 legitur:
1606 1268 1609 1269 ’

369 1347 432 1390 Εν
465 1363 560 1407 *γαρ
589 1350 743 1408 σαφως
777 1341 858 1392 ‘rod
892 1366 970 1392 ιστ
1003 1366 1096 1399 εμοι
1131 1343 1365 1405 ξυνήλικες,

369 1422 575 1468 Avi-aures*
609 1418 746 1477 ἦμεις,
778 1418 817 1466 ot
850 1441 992 1483 κρατη
1026 1417 1112 1466 ‘rad
1145 1441 1347 1484 εσχομεν,

373 1502 466 1545 Ova<
501 1519 554 1545 αν
588 1502 789 1561 φανημεν
822 1519 973 1554 πηματ
1007 1498 1211 1562 ερξαντες
1244 1519 1376 1545 τοσα.

171 1597 218 1643 h.
244 1612 287 1644 e.
331 1594 499 1644 Probe
533 1595 662 1643 enim
696 1594 786 1642 hoc
823 1594 980 1642 nostis
1018 1594 1116 1642 mei
1149 1594 1399 1653 cooetanei,
1439 1610 1607 1643 omnes

173 1687 278 1728 nos,
306 1671 389 1735 qui
410 1671 499 1719 hoc
523 1670 726 1734 imperio
742 1669 889 1733 potiti
911 1685 1098 1727 sumus,
1123 1676 1381 1719 tantarum
1403 1670 1608 1720 calami-

176 1753 334 1795 tatum
357 1754 586 1796 auctores
618 1764 718 1795 non
740 1746 910 1811 fuisse
944 1752 1214 1795 extaturos.
1286 1747 1607 1812 Cuiquamne,

177 1825 394 1881 obsecro,
431 1824 557 1871 istud
580 1840 746 1871 omnes
768 1839 858 1870 nos
891 1830 984 1873 &tn
1019 1823 1211 1886 placere
1236 1822 1452 1888 poterit?
1521 1824 1611 1873 Me

177 1906 308 1947 certe
345 1900 474 1964 quod
509 1899 743 1957 *attinet‚
780 1898 1068 1946 sententiam
1098 1899 1296 1947 omnino
1317 1899 1530 1963 ineptam
1554 1915 1611 1948 ac
1648 1913 1745 1955 335
1806 1895 1809 1897 ’

177 1977 364 2026 futilem
390 1978 580 2026 efficere
603 1978 807 2026 videtur.
879 1977 1034 2025 Immo
1058 1977 1226 2025 falsam
1250 1994 1348 2026 non
1372 1979 1612 2027 immerito

180 2055 419 2103 dixissem.
487 2055 681 2119 Quippe
705 2055 796 2102 ista
818 2054 1070 2118 particulae
1094 2056 1318 2120 negantis
1343 2056 1612 2114 collocatio,

182 2135 388 2180 Απαντες
422 2131 542 2188 ἡμεις
585 2154 659 2179 ουκ
693 2154 745 2179 αν
778 2137 996 2197 εφανημεν
1034 2131 1256 2196 ερξαντες,
1309 2130 1490 2179 Omnes
1522 2147 1614 2179 nos

183 2212 411 2273 auctores
428 2223 527 2254 non
546 2207 891 2264 extitissemus,
909 2208 1195 2255 tantundem
1213 2215 1302 2266 est,
1320 2209 1450 2273 quod
1471 2224 1611 2256 nemo

183 2289 408 2331 nostrum
430 2288 605 2347 auctor
626 2283 876 2331 extitisset.
948 2282 1082 2331 Nam
1117 2300 1278 2348 neque
1299 2285 1426 2333 idem
1451 2284 1613 2333 valere

184 2404 246 2441 vel
281 2403 401 2452 potius
435 2401 488 2449 μή
529 2402 698 2454 σχῶμεν.
752 2401 804 2438 R.
823 2401 873 2440 B.
926 2400 1019 2445 716.
1065 2403 1155 2440 Eur.
1186 2403 1302 2454 Hipp.
1334 2403 1449 2443 1186.
1495 2403 1615 2441 Andr.

177 2468 323 2521 ’χωμεν
336 2466 455 2502 Ρὶενε.
474 2465 645 2503 ευάΜωΓ.
663 2478 700 2514 p.
718 2464 756 2503 6.
782 2465 872 2515 Lys.
925 2471 990 2510 78.

188 2530 280 2569 648.
310 2528 462 2583 σχοῦσ’.
484 2533 575 2573 789.
604 2527 747 2582 σχοῖμ’,
766 2528 875 2566 Anti-
980 2534 1072 2569 300.
1103 2535 1138 2569 l.
1166 2531 1424 2586 cvparevrl'cfl’
1452 2535 1500 2569 els-
1525 2531 1615 2570 MS.

188 2595 328 2644 phanes
358 2592 456 2642 apud
485 2592 623 2629 Athen.
652 2603 682 2638 1,
718 2595 782 2630 23.
823 2592 875 2630 A.
930 2594 1129 2632 Lambeth.
1171 2600 1207 2634 2.
1234 2596 1288 2643 μή
1305 2594 1333 2633 δ’
1351 2598 1381 2633 εἰ
1401 2612 1493 2647 στρ.
1511 2601 1617 2634 πλεῖ-

189 2658 327 2711 σχόντ’
374 2656 423 2693 R.
452 2656 498 2693 P.
555 2656 696 2693 Advss.
742 2668 779 2705 p.
811 2659 876 2699 49·
930 2674 1026 2696 στον
1045 2658 1069 2704 ἢ
1092 2659 1142 2696 τὸ
1166 2659 1343 2712 περσικόν
1367 2659 1487 2698 Idem.
1515 2660 1617 2705 Μηδ’

188 2721 318 2758 *Vide
360 2732 472 2769 supra
520 2732 555 2768 p·
594 2717 682 2762 167-
735 2732 772 2756 n·
810 2722 876 2761 70-
929 2720 1005 2767 *ἢν
1035 2739 1102 2760 mr.
1134 2740 1175 2761 π.
1208 2722 1232 2776 ᾖ
1258 2722 1309 2760 R.
1327 2722 1375 2760 P.
1406 2723 1618 2774 inutraque

191 2785 282 2823 adde
311 2785 426 2834 soph.
456 2784 546 2822 OEd.
574 2784 665 2835 Tyr.
684 2788 776 2829 789.
817 2783 878 2822 El.
908 2786 1098 2825 editione.
