1864 3132
862 178 964 227 3⁷3

260 297 366 342 ,Αλλ
407 296 472 357 εφ
511 306 608 350 οτφ
643 308 732 351 περ
779 306 1020 359 πραγματι
1061 305 1146 342 την
1183 303 1266 339 σην
1304 281 1418 338 ἥκεις·
1451 297 1633 343 ‘ymnum

389 387 579 417 αναπεισ
577 385 642 415 (1³-

259 459 318 508 V.
348 464 443 512 196.
498 461 594 506 Καν
640 476 761 503 ταυτ
794 475 946 522 ᾳνυσῃ,
1002 472 1349 516 τετταρακοντα
1386 445 1634 510 βουλεται]

192 538 326 589 Vidit
348 536 421 584 cl.
454 534 691 584 Kusterus
725 532 788 580 ad
825 546 990 581 versus
1030 529 1361 595 integritatem
1401 525 1635 592 syllabam
1675 548 1678 552 ,

193 612 470 669 desiderari,
519 611 636 659 huic
681 616 845 658 autem
896 608 1202 656 incommodo
1248 604 1635 655 subveniendum

183 690 421 760 judicavit
465 689 677 755 legendo
721 710 858 756 ανυση
902 708 978 749 γε.
980 686 1020 712 ⁴⁰
1642 672 1650 679 ¹

1089 685 1308 734 Alterum
1348 699 1464 732 vero
1502 681 1637 739 illud,

191 771 396 821 verbum
419 769 602 819 scilicet
623 768 834 817 activum
876 788 1014 836 ανυση
1047 765 1193 831 hujus
1227 762 1460 812 orationis
1487 759 1641 809 indoli

190 865 365 914 parum
407 846 685 904 convenire,
729 845 886 893 virum
932 842 1260 892 doctissimum
1305 837 1493 887 fefellit

1564 836 1641 884 Ea

194 927 367 990 utique
395 924 592 990 aliquod
623 921 849 988 postulat,
885 920 1023 986 cujus
1061 919 1196 967 notio
1222 918 1283 965 sit
1305 912 1639 981 conquisierit,

194 1009 490 1053 consecutus
509 1001 691 1068 fuerit,
748 1000 826 1049 vel
861 998 1029 1047 simile.

1099 995 1224 1044 Haec
1261 988 1425 1042 autem
1471 992 1542 1040 vis
1587 991 1640 1039 in

193 1079 402 1130 formam
441 1079 587 1145 hujus
623 1077 762 1127 ver-bi
795 1076 1017 1132 activam,
1059 1088 1168 1121 cum
1203 1070 1478 1120 accusativo
1508 1074 1641 1116 certe

196 1155 526 1221 conjunctam,
550 1170 649 1203 non
673 1153 832 1210 cadit3
821 1152 870 1181 ·⁴¹
910 1151 996 1199 sed
1019 1148 1190 1197 mediae
1213 1151 1288 1195 est
1309 1143 1541 1210 propria:
1569 1142 1642 1191 uti

196 1232 392 1282 docebit
412 1231 534 1280 illud
556 1229 784 1295 AEschyli
806 1244 919 1295 pag.
942 1237 1016 1275 43.
1042 1226 1169 1289 [698.
1173 1221 1218 1289 ].

335 1322 470 1378 *Tm
499 1344 598 1386 ἰι-ριν
627 1342 687 1383 ’γε
718 1341 872 1385 χρειαν
901 1324 1172 1364 ΗΝΥΣΑΣΘ
1203 1335 1308 1369 enon
1338 1333 1478 1376 παρα.

206 1406 350 1470 Quod
364 1408 528 1472 primo
544 1406 760 1471 petiistis
781 1422 814 1454 a
837 1421 931 1463 me,
955 1402 1207 1452 consecuti
1225 1401 1396 1449 estis.⁴²
1428 1399 1644 1448 Proinde

255 1525 322 1559 40.
348 1519 465 1565 οἷνύση
477 1535 517 1556 τ.
534 1517 655 1556 MSS.
672 1516 834 1555 cantab.
860 1520 897 1553 et

203 1584 339 1678 {gagg
393 1585 487 1636 lege,
531 1583 662 1637 α’νιῖσῃ,
708 1581 807 1620 ΚΑΙ
857 1597 897 1619 τ.

258 1711 324 1744 41.
354 1703 528 1755 AEschyl.
547 1703 652 1741 Pers.
670 1705 763 1746 743.
804 1700 899 1738 Παῖς·

203 1770 234 1810 δ’
257 1771 346 1819 ἐμὰ.-
374 1767 458 1807 τιίδ’
487 1769 533 1807 ον’
560 1765 736 1805 κατειδαὲς·
769 1764 900 1812 ἤνυσεν

205 1835 270 1888 νέῳ
316 1833 461 1888 θράσει.
508 1837 601 1878 747.
659 1830 898 1884 Περιβαλιδν,

205 1900 353 1948 πολλῆν
388 1899 562 1938 κέλευθον
599 1897 730 1944 ἤνυσεν

206 1964 383 2019 στρατῷ.
411 1962 505 2008 765.
538 1961 686 2000 'Anae
714 1959 744 1998 δ’
763 1958 899 1999 ἐκείνου

207 2035 293 2069 παῖς·
312 2028 391 2068 τόδ’
409 2028 522 2082 ἔργον
539 2027 665 2074 ἤνυσε.
701 2026 818 2076 Soph.
839 2023 901 2062 El.

207 2100 300 2136 212.
320 2093 440 2134 τοιάδ’
454 2093 658 2133 ἀνύσαντες
669 2091 776 2145 ἔργα.
791 2088 901 2128 Cous.

214 2158 342 2197 Valck.
361 2159 410 2197 ad
427 2159 474 2196 Τ.
483 2157 599 2209 ,Μεθ
617 2171 682 2208 pp.
702 2160 791 2195 148.
814 2158 902 2193 150.

766 1895 900 1947 πολλῷ

263 2227 331 2262 42.
376 2221 548 2272 AEschyl.
594 2221 766 2270 Choeph.
813 2217 903 2258 856.
958 2225 985 2243 “
1012 2220 1022 2232 ”

211 2286 297 2326 Πός
318 2286 403 2324 ἴσον
424 2285 567 2322 sirmio?
583 2283 798 2331 ᾰνύσυμαις
831 2283 906 2320 Xe-

211 2348 327 2399 noph.
346 2348 472 2386 Anab.
492 2358 523 2393 1,
559 2359 597 2397 p.
626 2350 693 2385 42.

214 2416 261 2453 εἷς·
287 2415 399 2466 φίλον
428 2412 608 2464 τεύξεσθε
637 2410 778 2465 Κύρου.
823 2422 906 2448 vn.

217 2477 307 2518 564.
344 2478 371 2516 l.
389 2483 428 2524 9.
462 2475 565 2515 οὐδὲν
595 2481 698 2524 μεῖον
733 2475 906 2514 δύνωνται

213 2542 262 2582 ἄν
288 2542 443 2582 ἔσεσθαι
463 2541 566 2586 edd.;
607 2541 813 2580 ἁνύσασθαι
844 2554 910 2591 op-

217 2607 308 2646 time
337 2607 511 2646 emendat
542 2606 834 2644 Valckenaerius
862 2606 910 2644 ad

218 2668 461 2708 Theocritum
471 2670 525 2707 Id.
543 2681 682 2708 xvu1.
700 2674 763 2714 17.
776 2675 800 2694 ‘⁴
816 2671 912 2707 Ver-

730 2344 815 2385 ὀἶδα
841 2345 904 2384 ὅτι

219 2734 310 2771 bum
328 2733 536 2774 ἁνύσασθαι
555 2739 653 2772 recte
671 2734 719 2773 ad
735 2733 911 2784 interpre-

218 2797 374 2836 tandum
385 2797 560 2837 Latinam
571 2809 702 2838 vocem
715 2804 912 2849 consequor

950 1513 1103 1553 adhibet
1129 1511 1342 1550 Priscianus
1363 1522 1467 1548 vlu.
1499 1523 1536 1559 p.
1554 1513 1647 1554 791.

949 1577 991 1628 (f.
1010 1581 1076 1623 92.
1093 1577 1130 1613 b.
1152 1575 1290 1627 Ald.).’'
1308 1573 1358 1612 R.
1371 1573 1419 1611 P.
1437 1573 1486 1611 ad
1501 1572 1530 1610 l.
1550 1570 1647 1610 conf.

955 1643 1073 1692 Toup.
1092 1641 1130 1679 in
1150 1640 1321 1678 Addend.
1339 1639 1387 1678 ad
1403 1639 1431 1677 l.
1490 1639 1551 1676 De
1567 1650 1650 1687 per·

952 1707 1158 1746 mutatione
1192 1706 1252 1744 AI
1288 1711 1326 1743 et
1356 1705 1389 1742 E
1420 1704 1507 1742 vide
1536 1714 1651 1754 supra

952 1785 990 1822 p.
1011 1776 1115 1818 121„
1149 1775 1188 1809 et
1219 1770 1324 1817 adde,
1363 1767 1515 1807 Pindari
1550 1766 1652 1817 frag-

953 1840 1123 1874 mentum
1154 1834 1253 1884 apud
1285 1833 1463 1884 Apollon.
1492 1832 1538 1869 de
1561 1843 1650 1882 syn·

953 1900 1046 1947 taxi,
1074 1913 1110 1950 p.
1133 1903 1223 1946 142,
1243 1903 1308 1943 17.
1345 1896 1462 1936 αὐτόν
1484 1912 1531 1946 με
1550 1894 1652 1949 πραύ-

954 1979 1074 2003 τιστα
1094 1962 1363 2014 συνοικιστῆρα
1377 1962 1486 2009 γαίας
1503 1958 1653 2011 ἐσδέξε-

956 2046 1022 2068 ται
1047 2029 1248 2081 μενοῧχον.
1278 2028 1349 2077 leg.
1377 2025 1525 2079 ἔσδεξαι
1543 2039 1652 2072 τεμε-

958 2094 1109 2148 νοῧχον.
1137 2091 1294 2130 Belclcer.
1335 2090 1530 2140 Aristoph.
1549 2089 1650 2127 Ach.

958 2163 1051 2198 210.
1070 2156 1150 2195 Ούκ
1164 2155 1211 2194 ἂν
1220 2157 1279 2195 ἐπ’
1292 2155 1379 2202 ἐμῆς
1390 2170 1434 2203 γε
1452 2154 1652 2200 νεό-τητος

1003 2221 1092 2268 εμῆς
1119 2219 1386 2266 γενναιότητος
1426 2205 1529 2255 ὃυίἀ.
1561 2218 1651 2255 MS.

958 2285 1097 2323 omisso
1115 2284 1211 2324 ἐπ“.”
1230 2283 1281 2320 R.
1298 2283 1344 2320 P.
1370 2283 1469 2331 apud
1482 2282 1529 2320 Ρ.
1539 2282 1652 2320 RD.

961 2351 1078 2400 vesp.
1099 2353 1190 2388 885.
1221 2349 1300 2386 τιῖν
1320 2349 1378 2385 νῦν
1404 2364 1449 2396 γε
1478 2349 1550 2386 σοῦ
1570 2364 1654 2386 νεω-

961 2411 1080 2466 τέρων
1125 2416 1152 2432 “
1174 2401 1418 2450 scholiastes‘
1446 2411 1539 2449 duas
1580 2410 1653 2448 lec-

960 2478 1078 2516 tiones
1114 2476 1247 2523 adfert,
1291 2476 1572 2528 γενναιοτὲρων,
1619 2480 1656 2513 et

963 2541 1242 2593 συνετωτέρων
1270 2539 1366 2591 lege,
1388 2539 1658 2593 συνεωτέρων.”

966 2606 1015 2650 Q.
1055 2604 1115 2643 S..
1144 2605 1202 2644 Fl.
1249 2604 1482 2644 Christianus
1498 2620 1513 2648 ,·
1558 2602 1656 2642 conf.

965 2670 1101 2709 Hotib.
1146 2671 1254 2709 adl.
1300 2676 1337 2708 et
1382 2669 1432 2707 R.
1464 2670 1512 2707 P.
1558 2667 1658 2717 apud

964 2738 1010 2775 P.
1023 2739 1069 2776 P.
1084 2735 1140 2775 D.
1159 2738 1208 2777 ad
1222 2737 1338 2789 Vesp.
1353 2739 1445 2782 953.
1464 2740 1501 2773 et
1513 2733 1660 2773 Eccles.

964 2805 1058 2845 752.

1680 1314 1779 1365 206
