<?xml version="1.0" encoding="UTF-8"?>
<!DOCTYPE html PUBLIC "-//W3C//DTD XHTML 1.0 Transitional//EN"
    "http://www.w3.org/TR/xhtml1/DTD/xhtml1-transitional.dtd">
<html xmlns="http://www.w3.org/1999/xhtml" xml:lang="en" lang="en">
 <head>
  <title>
</title>
<meta http-equiv="Content-Type" content="text/html;charset=utf-8" />
  <meta name='ocr-system' content='tesseract 3.04.00' />
  <meta name='ocr-capabilities' content='ocr_page ocr_carea ocr_par ocr_line ocrx_word'/>
</head>
<body>
  <div class='ocr_page' id='page_1' title='image "./miscellaneacriti00daweuoft_0605.png"; bbox 0 0 1864 3132; ppageno 0'>
   <div class='ocr_carea' id='block_1_1' title="bbox 833 170 933 250">
    <p class='ocr_par' dir='ltr' id='par_1_1' title="bbox 833 170 933 250">
     <span class='ocr_line' id='line_1_1' title="bbox 833 170 933 250; baseline 0 0"><span class='ocrx_word' id='word_1_1' title='bbox 833 170 933 250; x_wconf 76' lang='lat'><strong>533</strong></span> 
     </span>
    </p>
   </div>
   <div class='ocr_carea' id='block_1_2' title="bbox 160 304 1591 363">
    <p class='ocr_par' dir='ltr' id='par_1_2' title="bbox 160 304 1591 363">
     <span class='ocr_line' id='line_1_2' title="bbox 160 304 1591 363; baseline -0.004 -5"><span class='ocrx_word' id='word_1_2' title='bbox 160 307 239 358; x_wconf 80' lang='lat' dir='ltr'><strong>Ita</strong></span> <span class='ocrx_word' id='word_1_3' title='bbox 280 307 354 357; x_wconf 85' lang='lat' dir='ltr'><strong>vir</strong></span> <span class='ocrx_word' id='word_1_4' title='bbox 377 307 692 363; x_wconf 76' lang='lat' dir='ltr'><strong>doctissimus.</strong></span> <span class='ocrx_word' id='word_1_5' title='bbox 763 308 986 357; x_wconf 82' lang='lat' dir='ltr'>Andreas</span> <span class='ocrx_word' id='word_1_6' title='bbox 1029 313 1192 356; x_wconf 86' lang='lat' dir='ltr'><strong>antem</strong></span> <span class='ocrx_word' id='word_1_7' title='bbox 1233 304 1405 363; x_wconf 80' lang='lat' dir='ltr'><strong>Divus,</strong></span> <span class='ocrx_word' id='word_1_8' title='bbox 1444 305 1591 353; x_wconf 88' lang='lat' dir='ltr'><strong>homo</strong></span> 
     </span>
    </p>
   </div>
   <div class='ocr_carea' id='block_1_3' title="bbox 159 381 1597 450">
    <p class='ocr_par' dir='ltr' id='par_1_3' title="bbox 159 381 1597 450">
     <span class='ocr_line' id='line_1_3' title="bbox 159 381 1597 450; baseline -0.002 -18"><span class='ocrx_word' id='word_1_9' title='bbox 159 383 409 433; x_wconf 89' lang='lat' dir='ltr'><strong>hominum</strong></span> <span class='ocrx_word' id='word_1_10' title='bbox 433 384 768 434; x_wconf 72' lang='lat' dir='ltr'><strong>suavissimus:</strong></span> <span class='ocrx_word' id='word_1_11' title='bbox 804 384 940 434; x_wconf 84' lang='lat' dir='ltr'><strong>Juno</strong></span> <span class='ocrx_word' id='word_1_12' title='bbox 976 383 1223 450; x_wconf 79' lang='lat' dir='ltr'><strong>quondam</strong></span> <span class='ocrx_word' id='word_1_13' title='bbox 1257 381 1477 431; x_wconf 83' lang='lat' dir='ltr'><strong>coelestis</strong></span> <span class='ocrx_word' id='word_1_14' title='bbox 1516 382 1597 430; x_wconf 49' lang='lat' dir='ltr'><strong>al?</strong></span> 
     </span>
    </p>
   </div>
   <div class='ocr_carea' id='block_1_4' title="bbox 156 458 1591 677">
    <p class='ocr_par' dir='ltr' id='par_1_4' title="bbox 156 458 1591 677">
     <span class='ocr_line' id='line_1_4' title="bbox 158 458 1591 522; baseline -0.001 -14"><span class='ocrx_word' id='word_1_15' title='bbox 158 466 328 508; x_wconf 79' lang='lat' dir='ltr'><strong>tarum</strong></span> <span class='ocrx_word' id='word_1_16' title='bbox 365 460 556 509; x_wconf 81' lang='lat' dir='ltr'><strong>sedium</strong></span> <span class='ocrx_word' id='word_1_17' title='bbox 597 459 930 510; x_wconf 79' lang='lat' dir='ltr'><em>dominantem</em></span> <span class='ocrx_word' id='word_1_18' title='bbox 969 460 1074 509; x_wconf 83' lang='lat' dir='ltr'><strong>deis</strong></span> <span class='ocrx_word' id='word_1_19' title='bbox 1119 475 1362 522; x_wconf 79' lang='lat' dir='ltr'><strong>magnum</strong></span> <span class='ocrx_word' id='word_1_20' title='bbox 1405 458 1591 507; x_wconf 80' lang='lat' dir='ltr'><strong>Parcoe</strong></span> 
     </span>
     <span class='ocr_line' id='line_1_5' title="bbox 157 534 1591 605; baseline 0 -22"><span class='ocrx_word' id='word_1_21' title='bbox 157 543 589 598; x_wconf 81' lang='lat' dir='ltr'><strong>comportaverunt</strong></span> <span class='ocrx_word' id='word_1_22' title='bbox 607 537 663 585; x_wconf 86' lang='lat' dir='ltr'><strong>in</strong></span> <span class='ocrx_word' id='word_1_23' title='bbox 685 535 763 585; x_wconf 76' lang='lat' dir='ltr'><strong>his</strong></span> <span class='ocrx_word' id='word_1_24' title='bbox 784 536 986 600; x_wconf 77' lang='lat' dir='ltr'><strong>nuptiis,</strong></span> <span class='ocrx_word' id='word_1_25' title='bbox 1043 536 1232 584; x_wconf 88' lang='lat' dir='ltr'><strong>Harum</strong></span> <span class='ocrx_word' id='word_1_26' title='bbox 1258 534 1471 601; x_wconf 72' lang='lat' dir='ltr'><strong>quidm,</strong></span> <span class='ocrx_word' id='word_1_27' title='bbox 1486 535 1591 605; x_wconf 50' lang='lat' dir='ltr'><strong>&#39;pol</strong></span> 
     </span>
     <span class='ocr_line' id='line_1_6' title="bbox 156 611 1075 677; baseline 0.001 -17"><span class='ocrx_word' id='word_1_28' title='bbox 156 611 317 671; x_wconf 80' lang='lat' dir='ltr'><strong>credo,</strong></span> <span class='ocrx_word' id='word_1_29' title='bbox 351 613 805 677; x_wconf 68' lang='lat' dir='ltr'><strong>interpretationum</strong></span> <span class='ocrx_word' id='word_1_30' title='bbox 831 613 1075 671; x_wconf 76' lang='lat' dir='ltr'><strong>utramviS,</strong></span> 
     </span>
    </p>
   </div>
   <div class='ocr_carea' id='block_1_5' title="bbox 289 709 1340 851">
    <p class='ocr_par' dir='ltr' id='par_1_5' title="bbox 289 709 1340 851">
     <span class='ocr_line' id='line_1_7' title="bbox 707 709 1240 777; baseline -0.004 -18"><span class='ocrx_word' id='word_1_31' title='bbox 707 710 809 759; x_wconf 85' lang='lat' dir='ltr'><strong>nisi</strong></span> <span class='ocrx_word' id='word_1_32' title='bbox 831 709 1021 777; x_wconf 70' lang='lat' dir='ltr'><strong>Sibylla</strong></span> <span class='ocrx_word' id='word_1_33' title='bbox 1045 709 1240 775; x_wconf 81' lang='lat' dir='ltr'><strong>legerit,</strong></span> 
     </span>
     <span class='ocr_line' id='line_1_8' title="bbox 289 786 1340 851; baseline -0.001 -16"><span class='ocrx_word' id='word_1_34' title='bbox 289 786 614 851; x_wconf 66' lang='lat' dir='ltr'><em>Interpretari</em></span> <span class='ocrx_word' id='word_1_35' title='bbox 634 788 790 837; x_wconf 83' lang='lat' dir='ltr'><strong>alium</strong></span> <span class='ocrx_word' id='word_1_36' title='bbox 805 794 999 851; x_wconf 78' lang='lat' dir='ltr'><em>potesse</em></span> <span class='ocrx_word' id='word_1_37' title='bbox 1021 786 1340 835; x_wconf 78' lang='lat' dir='ltr'><strong>neminem.2³⁹</strong></span> 
     </span>
    </p>
   </div>
   <div class='ocr_carea' id='block_1_6' title="bbox 145 880 1587 2400">
    <p class='ocr_par' dir='ltr' id='par_1_6' title="bbox 145 880 1587 2400">
     <span class='ocr_line' id='line_1_9' title="bbox 154 880 1587 954; baseline -0.003 -16"><span class='ocrx_word' id='word_1_38' title='bbox 154 886 268 938; x_wconf 90' lang='lat' dir='ltr'><strong>Nec</strong></span> <span class='ocrx_word' id='word_1_39' title='bbox 297 905 415 937; x_wconf 87' lang='lat' dir='ltr'><strong>vero</strong></span> <span class='ocrx_word' id='word_1_40' title='bbox 449 880 717 954; x_wconf 82' lang='lat' dir='ltr'><strong>quisquam,</strong></span> <span class='ocrx_word' id='word_1_41' title='bbox 756 888 944 953; x_wconf 78' lang='lat' dir='ltr'>opinor,</span> <span class='ocrx_word' id='word_1_42' title='bbox 983 886 1103 934; x_wconf 90' lang='lat' dir='ltr'><strong>alius</strong></span> <span class='ocrx_word' id='word_1_43' title='bbox 1143 887 1358 934; x_wconf 87' lang='lat' dir='ltr'><strong>divinare</strong></span> <span class='ocrx_word' id='word_1_44' title='bbox 1389 884 1587 950; x_wconf 87' lang='lat' dir='ltr'><strong>poterit,</strong></span> 
     </span>
     <span class='ocr_line' id='line_1_10' title="bbox 154 963 1586 1031; baseline -0.002 -16"><span class='ocrx_word' id='word_1_45' title='bbox 154 982 414 1031; x_wconf 78' lang='lat' dir='ltr'><strong>quamnam</strong></span> <span class='ocrx_word' id='word_1_46' title='bbox 450 969 627 1017; x_wconf 81' lang='lat' dir='ltr'><strong>utervis</strong></span> <span class='ocrx_word' id='word_1_47' title='bbox 662 963 753 1016; x_wconf 90' lang='lat' dir='ltr'><strong>sibi</strong></span> <span class='ocrx_word' id='word_1_48' title='bbox 788 966 983 1015; x_wconf 88' lang='lat' dir='ltr'><strong>finxerit</strong></span> <span class='ocrx_word' id='word_1_49' title='bbox 1006 966 1237 1014; x_wconf 86' lang='lat' dir='ltr'><strong>orationis</strong></span> <span class='ocrx_word' id='word_1_50' title='bbox 1260 966 1451 1014; x_wconf 85' lang='lat' dir='ltr'><strong>Graecae</strong></span> <span class='ocrx_word' id='word_1_51' title='bbox 1475 981 1586 1029; x_wconf 87' lang='lat' dir='ltr'><strong>syn·</strong></span> 
     </span>
     <span class='ocr_line' id='line_1_11' title="bbox 154 1031 1584 1108; baseline -0.002 -18"><span class='ocrx_word' id='word_1_52' title='bbox 154 1043 302 1091; x_wconf 87' lang='lat' dir='ltr'><strong>taxin.</strong></span> <span class='ocrx_word' id='word_1_53' title='bbox 360 1044 439 1091; x_wconf 89' lang='lat' dir='ltr'><strong>Ad</strong></span> <span class='ocrx_word' id='word_1_54' title='bbox 483 1045 726 1092; x_wconf 89' lang='lat' dir='ltr'><strong>Andream</strong></span> <span class='ocrx_word' id='word_1_55' title='bbox 771 1031 964 1108; x_wconf 82' lang='lat' dir='ltr'><strong>quidem</strong></span> <span class='ocrx_word' id='word_1_56' title='bbox 1012 1040 1191 1089; x_wconf 89' lang='lat' dir='ltr'><strong>Divum</strong></span> <span class='ocrx_word' id='word_1_57' title='bbox 1231 1042 1358 1103; x_wconf 91' lang='lat' dir='ltr'><strong>quod</strong></span> <span class='ocrx_word' id='word_1_58' title='bbox 1394 1041 1584 1098; x_wconf 87' lang='lat' dir='ltr'><strong>attinet,</strong></span> 
     </span>
     <span class='ocr_line' id='line_1_12' title="bbox 151 1117 1585 1181; baseline -0.002 -16"><span class='ocrx_word' id='word_1_59' title='bbox 151 1133 264 1166; x_wconf 87' lang='lat' dir='ltr'><strong>eum</strong></span> <span class='ocrx_word' id='word_1_60' title='bbox 288 1118 572 1166; x_wconf 85' lang='lat' dir='ltr'><strong>crediderim</strong></span> <span class='ocrx_word' id='word_1_61' title='bbox 609 1135 672 1167; x_wconf 92' lang='lat' dir='ltr'><strong>ne</strong></span> <span class='ocrx_word' id='word_1_62' title='bbox 710 1119 771 1166; x_wconf 89' lang='lat' dir='ltr'><strong>de</strong></span> <span class='ocrx_word' id='word_1_63' title='bbox 809 1118 953 1166; x_wconf 91' lang='lat' dir='ltr'><strong>unius</strong></span> <span class='ocrx_word' id='word_1_64' title='bbox 988 1117 1183 1181; x_wconf 88' lang='lat' dir='ltr'><strong>quidem</strong></span> <span class='ocrx_word' id='word_1_65' title='bbox 1218 1117 1311 1168; x_wconf 90' lang='lat' dir='ltr'><strong>loci</strong></span> <span class='ocrx_word' id='word_1_66' title='bbox 1336 1122 1585 1164; x_wconf 89' lang='lat' dir='ltr'><strong>construc-</strong></span> 
     </span>
     <span class='ocr_line' id='line_1_13' title="bbox 150 1189 1583 1260; baseline 0.001 -24"><span class='ocrx_word' id='word_1_67' title='bbox 150 1189 284 1260; x_wconf 81' lang='lat' dir='ltr'><strong>tione</strong></span> <span class='ocrx_word' id='word_1_68' title='bbox 318 1190 571 1240; x_wconf 87' lang='lat' dir='ltr'><strong>sollicitum</strong></span> <span class='ocrx_word' id='word_1_69' title='bbox 606 1193 782 1251; x_wconf 77' lang='lat' dir='ltr'><strong>fuisse;</strong></span> <span class='ocrx_word' id='word_1_70' title='bbox 819 1194 997 1259; x_wconf 85' lang='lat' dir='ltr'><strong>quippe</strong></span> <span class='ocrx_word' id='word_1_71' title='bbox 1034 1193 1177 1258; x_wconf 83' lang='lat' dir='ltr'><strong>cujus</strong></span> <span class='ocrx_word' id='word_1_72' title='bbox 1206 1192 1446 1255; x_wconf 82' lang='lat' dir='ltr'><strong>expositio</strong></span> <span class='ocrx_word' id='word_1_73' title='bbox 1477 1190 1583 1239; x_wconf 91' lang='lat' dir='ltr'><strong>uni-</strong></span> 
     </span>
     <span class='ocr_line' id='line_1_14' title="bbox 147 1266 1586 1332; baseline 0.001 -17"><span class='ocrx_word' id='word_1_74' title='bbox 147 1266 291 1316; x_wconf 83' lang='lat' dir='ltr'><strong>formi</strong></span> <span class='ocrx_word' id='word_1_75' title='bbox 313 1271 520 1332; x_wconf 83' lang='lat' dir='ltr'><strong>quadam</strong></span> <span class='ocrx_word' id='word_1_76' title='bbox 545 1272 839 1320; x_wconf 86' lang='lat' dir='ltr'><strong>obscuritate</strong></span> <span class='ocrx_word' id='word_1_77' title='bbox 862 1272 1003 1320; x_wconf 88' lang='lat' dir='ltr'><strong>simul</strong></span> <span class='ocrx_word' id='word_1_78' title='bbox 1026 1287 1084 1320; x_wconf 88' lang='lat' dir='ltr'><strong>ac</strong></span> <span class='ocrx_word' id='word_1_79' title='bbox 1105 1270 1329 1320; x_wconf 84' lang='lat' dir='ltr'><strong>barbarie</strong></span> <span class='ocrx_word' id='word_1_80' title='bbox 1352 1286 1382 1317; x_wconf 87' lang='lat' dir='ltr'><strong>a</strong></span> <span class='ocrx_word' id='word_1_81' title='bbox 1398 1285 1586 1317; x_wconf 90' lang='lat' dir='ltr'><strong>summo</strong></span> 
     </span>
     <span class='ocr_line' id='line_1_15' title="bbox 148 1344 1583 1413; baseline 0.002 -22"><span class='ocrx_word' id='word_1_82' title='bbox 148 1345 213 1392; x_wconf 89' lang='lat' dir='ltr'><strong>ad</strong></span> <span class='ocrx_word' id='word_1_83' title='bbox 247 1344 395 1392; x_wconf 90' lang='lat' dir='ltr'><strong>imum</strong></span> <span class='ocrx_word' id='word_1_84' title='bbox 431 1347 670 1395; x_wconf 87' lang='lat' dir='ltr'><strong>decurrat.</strong></span> <span class='ocrx_word' id='word_1_85' title='bbox 741 1351 808 1396; x_wconf 89' lang='lat' dir='ltr'><strong>At</strong></span> <span class='ocrx_word' id='word_1_86' title='bbox 846 1349 1033 1407; x_wconf 89' lang='lat' dir='ltr'><strong>Versio,</strong></span> <span class='ocrx_word' id='word_1_87' title='bbox 1075 1365 1171 1413; x_wconf 90' lang='lat' dir='ltr'><strong>qua</strong></span> <span class='ocrx_word' id='word_1_88' title='bbox 1208 1349 1336 1396; x_wconf 83' lang='lat' dir='ltr'><strong>hanc</strong></span> <span class='ocrx_word' id='word_1_89' title='bbox 1369 1347 1583 1395; x_wconf 85' lang='lat' dir='ltr'><strong>fabulam</strong></span> 
     </span>
     <span class='ocr_line' id='line_1_16' title="bbox 150 1416 1583 1488; baseline 0.003 -19"><span class='ocrx_word' id='word_1_90' title='bbox 150 1422 348 1470; x_wconf 85' lang='lat' dir='ltr'><strong>donavit</strong></span> <span class='ocrx_word' id='word_1_91' title='bbox 378 1416 567 1472; x_wconf 86' lang='lat' dir='ltr'><strong>doctiss.</strong></span> <span class='ocrx_word' id='word_1_92' title='bbox 603 1425 1018 1473; x_wconf 89' lang='lat' dir='ltr'><strong>Hemsterhuisius</strong></span> <span class='ocrx_word' id='word_1_93' title='bbox 1059 1426 1245 1488; x_wconf 89' lang='lat' dir='ltr'><strong>(plures</strong></span> <span class='ocrx_word' id='word_1_94' title='bbox 1278 1426 1463 1473; x_wconf 86' lang='lat' dir='ltr'><strong>utinam</strong></span> <span class='ocrx_word' id='word_1_95' title='bbox 1499 1426 1583 1473; x_wconf 91' lang='lat' dir='ltr'><strong>do-</strong></span> 
     </span>
     <span class='ocr_line' id='line_1_17' title="bbox 149 1498 1582 1564; baseline 0.002 -20"><span class='ocrx_word' id='word_1_96' title='bbox 149 1499 351 1560; x_wconf 85' lang='lat' dir='ltr'><strong>nasset),</strong></span> <span class='ocrx_word' id='word_1_97' title='bbox 376 1498 575 1564; x_wconf 86' lang='lat' dir='ltr'><strong>elegans</strong></span> <span class='ocrx_word' id='word_1_98' title='bbox 597 1499 883 1564; x_wconf 89' lang='lat' dir='ltr'><strong>plerumque</strong></span> <span class='ocrx_word' id='word_1_99' title='bbox 906 1507 979 1548; x_wconf 90' lang='lat' dir='ltr'><strong>est</strong></span> <span class='ocrx_word' id='word_1_100' title='bbox 1001 1515 1059 1547; x_wconf 89' lang='lat' dir='ltr'><strong>ac</strong></span> <span class='ocrx_word' id='word_1_101' title='bbox 1081 1500 1357 1563; x_wconf 89' lang='lat' dir='ltr'><strong>perspicua.</strong></span> <span class='ocrx_word' id='word_1_102' title='bbox 1398 1502 1424 1530; x_wconf 80' lang='lat'><em>*</em></span> <span class='ocrx_word' id='word_1_103' title='bbox 1439 1500 1582 1559; x_wconf 86' lang='lat' dir='ltr'><strong>Quod</strong></span> 
     </span>
     <span class='ocr_line' id='line_1_18' title="bbox 148 1575 1583 1639; baseline 0.001 -17"><span class='ocrx_word' id='word_1_104' title='bbox 148 1575 211 1622; x_wconf 89' lang='lat' dir='ltr'><strong>ad</strong></span> <span class='ocrx_word' id='word_1_105' title='bbox 233 1575 408 1637; x_wconf 91' lang='lat' dir='ltr'><strong>ipsum,</strong></span> <span class='ocrx_word' id='word_1_106' title='bbox 440 1575 491 1622; x_wconf 89' lang='lat' dir='ltr'><strong>in</strong></span> <span class='ocrx_word' id='word_1_107' title='bbox 516 1592 613 1639; x_wconf 91' lang='lat' dir='ltr'><strong>quo</strong></span> <span class='ocrx_word' id='word_1_108' title='bbox 635 1592 899 1633; x_wconf 85' lang='lat' dir='ltr'><strong>versamur,</strong></span> <span class='ocrx_word' id='word_1_109' title='bbox 934 1575 1110 1633; x_wconf 90' lang='lat' dir='ltr'><strong>locum,</strong></span> <span class='ocrx_word' id='word_1_110' title='bbox 1145 1591 1339 1639; x_wconf 86' lang='lat' dir='ltr'><strong>operam</strong></span> <span class='ocrx_word' id='word_1_111' title='bbox 1361 1575 1583 1639; x_wconf 87' lang='lat' dir='ltr'><strong>profecto</strong></span> 
     </span>
     <span class='ocr_line' id='line_1_19' title="bbox 146 1648 1581 1715; baseline 0.002 -19"><span class='ocrx_word' id='word_1_112' title='bbox 146 1648 339 1697; x_wconf 82' lang='lat' dir='ltr'><strong>lusurus</strong></span> <span class='ocrx_word' id='word_1_113' title='bbox 357 1656 445 1707; x_wconf 92' lang='lat' dir='ltr'><strong>est,</strong></span> <span class='ocrx_word' id='word_1_114' title='bbox 463 1651 744 1714; x_wconf 88' lang='lat' dir='ltr'><strong>quicunque</strong></span> <span class='ocrx_word' id='word_1_115' title='bbox 763 1668 873 1699; x_wconf 89' lang='lat' dir='ltr'><strong>eum</strong></span> <span class='ocrx_word' id='word_1_116' title='bbox 897 1651 1208 1715; x_wconf 86' lang='lat' dir='ltr'><strong>interpretari</strong></span> <span class='ocrx_word' id='word_1_117' title='bbox 1225 1651 1360 1714; x_wconf 26' lang='lat' dir='ltr'><strong>prius·</strong></span> <span class='ocrx_word' id='word_1_118' title='bbox 1375 1657 1581 1715; x_wconf 82' lang='lat' dir='ltr'><strong>sataget,</strong></span> 
     </span>
     <span class='ocr_line' id='line_1_20' title="bbox 150 1725 1582 1791; baseline 0.001 -20"><span class='ocrx_word' id='word_1_119' title='bbox 150 1740 294 1789; x_wconf 84' lang='lat' dir='ltr'><strong>quarn</strong></span> <span class='ocrx_word' id='word_1_120' title='bbox 328 1726 612 1773; x_wconf 89' lang='lat' dir='ltr'><strong>emendatus</strong></span> <span class='ocrx_word' id='word_1_121' title='bbox 643 1725 818 1782; x_wconf 87' lang='lat' dir='ltr'><strong>fuerit;</strong></span> <span class='ocrx_word' id='word_1_122' title='bbox 856 1727 1032 1790; x_wconf 87' lang='lat' dir='ltr'><strong>quippe</strong></span> <span class='ocrx_word' id='word_1_123' title='bbox 1068 1726 1220 1791; x_wconf 86' lang='lat' dir='ltr'><strong>cujus,</strong></span> <span class='ocrx_word' id='word_1_124' title='bbox 1255 1731 1399 1789; x_wconf 90' lang='lat' dir='ltr'><strong>prout</strong></span> <span class='ocrx_word' id='word_1_125' title='bbox 1438 1726 1582 1773; x_wconf 91' lang='lat' dir='ltr'><strong>hodie</strong></span> 
     </span>
     <span class='ocr_line' id='line_1_21' title="bbox 147 1799 1581 1864; baseline 0.001 -17"><span class='ocrx_word' id='word_1_126' title='bbox 147 1807 540 1863; x_wconf 64' lang='lat' dir='ltr'><strong>repraesentatur,</strong></span> <span class='ocrx_word' id='word_1_127' title='bbox 597 1801 729 1848; x_wconf 88' lang='lat' dir='ltr'><strong>nulla</strong></span> <span class='ocrx_word' id='word_1_128' title='bbox 784 1801 930 1864; x_wconf 90' lang='lat' dir='ltr'><strong>plane</strong></span> <span class='ocrx_word' id='word_1_129' title='bbox 987 1801 1049 1848; x_wconf 90' lang='lat' dir='ltr'><strong>sit</strong></span> <span class='ocrx_word' id='word_1_130' title='bbox 1101 1800 1411 1850; x_wconf 86' lang='lat' dir='ltr'><strong>constructio.</strong></span> <span class='ocrx_word' id='word_1_131' title='bbox 1483 1799 1581 1848; x_wconf 90' lang='lat' dir='ltr'><strong>Sed</strong></span> 
     </span>
     <span class='ocr_line' id='line_1_22' title="bbox 147 1876 1580 1943; baseline 0.001 -20"><span class='ocrx_word' id='word_1_132' title='bbox 147 1876 418 1940; x_wconf 85' lang='lat' dir='ltr'><strong>nequehoc</strong></span> <span class='ocrx_word' id='word_1_133' title='bbox 436 1876 631 1924; x_wconf 86' lang='lat' dir='ltr'><strong>unicum</strong></span> <span class='ocrx_word' id='word_1_134' title='bbox 657 1884 744 1934; x_wconf 90' lang='lat' dir='ltr'><strong>est,</strong></span> <span class='ocrx_word' id='word_1_135' title='bbox 770 1879 899 1941; x_wconf 92' lang='lat' dir='ltr'><strong>quod</strong></span> <span class='ocrx_word' id='word_1_136' title='bbox 912 1878 1027 1943; x_wconf 88' lang='lat' dir='ltr'><strong>jure</strong></span> <span class='ocrx_word' id='word_1_137' title='bbox 1047 1877 1409 1940; x_wconf 81' lang='lat' dir='ltr'><strong>improbaveris,</strong></span> <span class='ocrx_word' id='word_1_138' title='bbox 1446 1876 1580 1925; x_wconf 86' lang='lat' dir='ltr'><strong>Nam</strong></span> 
     </span>
     <span class='ocr_line' id='line_1_23' title="bbox 145 1952 1584 2019; baseline 0 -19"><span class='ocrx_word' id='word_1_139' title='bbox 145 1952 300 2000; x_wconf 84' lang='lat' dir='ltr'><strong>ultimi</strong></span> <span class='ocrx_word' id='word_1_140' title='bbox 335 1953 632 2000; x_wconf 74' lang='lat' dir='ltr'><strong>duo-versus</strong></span> <span class='ocrx_word' id='word_1_141' title='bbox 674 1954 814 2001; x_wconf 89' lang='lat' dir='ltr'><strong>metri</strong></span> <span class='ocrx_word' id='word_1_142' title='bbox 854 1954 990 2019; x_wconf 88' lang='lat' dir='ltr'><strong>leges</strong></span> <span class='ocrx_word' id='word_1_143' title='bbox 1022 1953 1218 2002; x_wconf 88' lang='lat' dir='ltr'><strong>violant.</strong></span> <span class='ocrx_word' id='word_1_144' title='bbox 1288 1953 1584 2018; x_wconf 87' lang='lat' dir='ltr'><strong>Hujusmodi·</strong></span> 
     </span>
     <span class='ocr_line' id='line_1_24' title="bbox 146 2029 1582 2095; baseline 0.001 -19"><span class='ocrx_word' id='word_1_145' title='bbox 146 2029 316 2094; x_wconf 90' lang='lat' dir='ltr'><strong>utique</strong></span> <span class='ocrx_word' id='word_1_146' title='bbox 339 2035 650 2095; x_wconf 86' lang='lat' dir='ltr'><strong>systematum</strong></span> <span class='ocrx_word' id='word_1_147' title='bbox 674 2045 732 2077; x_wconf 89' lang='lat' dir='ltr'><strong>ea</strong></span> <span class='ocrx_word' id='word_1_148' title='bbox 767 2037 840 2077; x_wconf 88' lang='lat' dir='ltr'><strong>est</strong></span> <span class='ocrx_word' id='word_1_149' title='bbox 872 2031 1075 2089; x_wconf 82' lang='lat' dir='ltr'><strong>indoles,</strong></span> <span class='ocrx_word' id='word_1_150' title='bbox 1113 2038 1167 2078; x_wconf 89' lang='lat' dir='ltr'><strong>ut</strong></span> <span class='ocrx_word' id='word_1_151' title='bbox 1190 2030 1360 2094; x_wconf 86' lang='lat' dir='ltr'><strong>primae</strong></span> <span class='ocrx_word' id='word_1_152' title='bbox 1382 2031 1582 2094; x_wconf 67' lang='lat' dir='ltr'><strong>syllabae‘</strong></span> 
     </span>
     <span class='ocr_line' id='line_1_25' title="bbox 145 2106 1577 2172; baseline 0.001 -18"><span class='ocrx_word' id='word_1_153' title='bbox 145 2107 390 2154; x_wconf 85' lang='lat' dir='ltr'><strong>communi</strong></span> <span class='ocrx_word' id='word_1_154' title='bbox 414 2106 732 2171; x_wconf 87' lang='lat' dir='ltr'><strong>subjiciantur</strong></span> <span class='ocrx_word' id='word_1_155' title='bbox 753 2106 804 2154; x_wconf 93' lang='lat' dir='ltr'><strong>in</strong></span> <span class='ocrx_word' id='word_1_156' title='bbox 827 2107 1043 2155; x_wconf 90' lang='lat' dir='ltr'><strong>versibus</strong></span> <span class='ocrx_word' id='word_1_157' title='bbox 1066 2107 1339 2154; x_wconf 88' lang='lat' dir='ltr'><strong>acatalectis</strong></span> <span class='ocrx_word' id='word_1_158' title='bbox 1362 2107 1577 2172; x_wconf 87' lang='lat' dir='ltr'><strong>dactylus</strong></span> 
     </span>
     <span class='ocr_line' id='line_1_26' title="bbox 145 2181 1576 2248; baseline 0.002 -21"><span class='ocrx_word' id='word_1_159' title='bbox 145 2186 197 2228; x_wconf 87' lang='lat' dir='ltr'><strong>et</strong></span> <span class='ocrx_word' id='word_1_160' title='bbox 218 2181 450 2238; x_wconf 82' lang='lat' dir='ltr'><strong>creticus3</strong></span> <span class='ocrx_word' id='word_1_161' title='bbox 475 2182 526 2228; x_wconf 89' lang='lat' dir='ltr'><strong>in</strong></span> <span class='ocrx_word' id='word_1_162' title='bbox 549 2182 840 2229; x_wconf 82' lang='lat' dir='ltr'><strong>catalecticis</strong></span> <span class='ocrx_word' id='word_1_163' title='bbox 863 2183 1080 2248; x_wconf 88' lang='lat' dir='ltr'><strong>dactylus</strong></span> <span class='ocrx_word' id='word_1_164' title='bbox 1102 2189 1151 2230; x_wconf 91' lang='lat' dir='ltr'><strong>et</strong></span> <span class='ocrx_word' id='word_1_165' title='bbox 1174 2184 1428 2246; x_wconf 88' lang='lat' dir='ltr'><strong>spondeus.</strong></span> <span class='ocrx_word' id='word_1_166' title='bbox 1466 2182 1576 2230; x_wconf 90' lang='lat' dir='ltr'><strong>Hoc</strong></span> 
     </span>
     <span class='ocr_line' id='line_1_27' title="bbox 145 2258 1572 2323; baseline 0.004 -22"><span class='ocrx_word' id='word_1_167' title='bbox 145 2261 309 2302; x_wconf 83' lang='lat' dir='ltr'><strong>autem</strong></span> <span class='ocrx_word' id='word_1_168' title='bbox 354 2262 560 2303; x_wconf 88' lang='lat' dir='ltr'><strong>metrum</strong></span> <span class='ocrx_word' id='word_1_169' title='bbox 606 2272 774 2304; x_wconf 91' lang='lat' dir='ltr'><strong>eorum</strong></span> <span class='ocrx_word' id='word_1_170' title='bbox 820 2258 872 2304; x_wconf 89' lang='lat' dir='ltr'><strong>in</strong></span> <span class='ocrx_word' id='word_1_171' title='bbox 917 2274 1122 2306; x_wconf 89' lang='lat' dir='ltr'><strong>numero</strong></span> <span class='ocrx_word' id='word_1_172' title='bbox 1164 2259 1311 2316; x_wconf 89' lang='lat' dir='ltr'><strong>venit,</strong></span> <span class='ocrx_word' id='word_1_173' title='bbox 1367 2275 1572 2323; x_wconf 91' lang='lat' dir='ltr'><strong>quorum</strong></span> 
     </span>
     <span class='ocr_line' id='line_1_28' title="bbox 145 2330 1571 2400; baseline 0.004 -23"><span class='ocrx_word' id='word_1_174' title='bbox 145 2330 320 2378; x_wconf 88' lang='lat' dir='ltr'><strong>ultimis</strong></span> <span class='ocrx_word' id='word_1_175' title='bbox 338 2330 531 2395; x_wconf 87' lang='lat' dir='ltr'><strong>syllabis</strong></span> <span class='ocrx_word' id='word_1_176' title='bbox 550 2331 682 2379; x_wconf 89' lang='lat' dir='ltr'><strong>nulla</strong></span> <span class='ocrx_word' id='word_1_177' title='bbox 700 2333 934 2395; x_wconf 86' lang='lat' dir='ltr'><strong>permissa</strong></span> <span class='ocrx_word' id='word_1_178' title='bbox 950 2340 1023 2381; x_wconf 89' lang='lat' dir='ltr'><strong>est</strong></span> <span class='ocrx_word' id='word_1_179' title='bbox 1037 2334 1233 2382; x_wconf 88' lang='lat' dir='ltr'><strong>licentia</strong></span> <span class='ocrx_word' id='word_1_180' title='bbox 1247 2341 1571 2400; x_wconf 86' lang='lat' dir='ltr'><strong>praeterquam</strong></span> 
     </span>
    </p>
   </div>
   <div class='ocr_carea' id='block_1_7' title="bbox 145 2450 1572 2692">
    <p class='ocr_par' dir='ltr' id='par_1_7' title="bbox 145 2450 1572 2692">
     <span class='ocr_line' id='line_1_29' title="bbox 209 2450 1568 2504; baseline 0.004 -14"><span class='ocrx_word' id='word_1_181' title='bbox 209 2455 301 2495; x_wconf 79' lang='lat'><strong>239.</strong></span> <span class='ocrx_word' id='word_1_182' title='bbox 330 2450 487 2488; x_wconf 86' lang='lat' dir='ltr'><strong>Plautus</strong></span> <span class='ocrx_word' id='word_1_183' title='bbox 525 2451 695 2489; x_wconf 84' lang='lat' dir='ltr'><strong>Pseudol.</strong></span> <span class='ocrx_word' id='word_1_184' title='bbox 730 2463 761 2497; x_wconf 89' lang='lat'><strong>1,</strong></span> <span class='ocrx_word' id='word_1_185' title='bbox 797 2452 829 2498; x_wconf 83' lang='lat' dir='ltr'><strong>i,</strong></span> <span class='ocrx_word' id='word_1_186' title='bbox 882 2452 943 2489; x_wconf 86' lang='lat' dir='ltr'><strong>hae</strong></span> <span class='ocrx_word' id='word_1_187' title='bbox 978 2453 1060 2490; x_wconf 91' lang='lat' dir='ltr'><strong>duae</strong></span> <span class='ocrx_word' id='word_1_188' title='bbox 1094 2454 1294 2501; x_wconf 81' lang='lat' dir='ltr'><strong>dictiones3</strong></span> <span class='ocrx_word' id='word_1_189' title='bbox 1339 2456 1475 2494; x_wconf 80' lang='lat' dir='ltr'><strong>alium:</strong></span> <span class='ocrx_word' id='word_1_190' title='bbox 1519 2463 1568 2504; x_wconf 89' lang='lat' dir='ltr'><strong>et,</strong></span> 
     </span>
     <span class='ocr_line' id='line_1_30' title="bbox 145 2514 1572 2568; baseline 0.002 -14"><span class='ocrx_word' id='word_1_191' title='bbox 145 2520 210 2562; x_wconf 82' lang='lat'><strong>23,</strong></span> <span class='ocrx_word' id='word_1_192' title='bbox 226 2520 265 2554; x_wconf 81' lang='lat'><strong>4.</strong></span> <span class='ocrx_word' id='word_1_193' title='bbox 307 2515 370 2554; x_wconf 88' lang='lat' dir='ltr'><strong>Sic</strong></span> <span class='ocrx_word' id='word_1_194' title='bbox 388 2515 505 2553; x_wconf 85' lang='lat' dir='ltr'><strong>citant</strong></span> <span class='ocrx_word' id='word_1_195' title='bbox 521 2514 768 2554; x_wconf 72' lang='lat' dir='ltr'><strong>Marklandus</strong></span> <span class='ocrx_word' id='word_1_196' title='bbox 781 2516 829 2553; x_wconf 90' lang='lat' dir='ltr'><strong>ad</strong></span> <span class='ocrx_word' id='word_1_197' title='bbox 882 2515 1002 2552; x_wconf 80' lang='lat' dir='ltr'><strong>reor.”</strong></span> <span class='ocrx_word' id='word_1_198' title='bbox 1042 2515 1319 2565; x_wconf 83' lang='lat' dir='ltr'><strong>Interpretarier</strong></span> <span class='ocrx_word' id='word_1_199' title='bbox 1339 2525 1483 2568; x_wconf 86' lang='lat' dir='ltr'><strong>potesse</strong></span> <span class='ocrx_word' id='word_1_200' title='bbox 1507 2532 1572 2557; x_wconf 89' lang='lat' dir='ltr'><strong>ne-</strong></span> 
     </span>
     <span class='ocr_line' id='line_1_31' title="bbox 145 2576 1569 2632; baseline 0.005 -18"><span class='ocrx_word' id='word_1_201' title='bbox 145 2577 228 2614; x_wconf 81' lang='lat' dir='ltr'><strong>Cic.</strong></span> <span class='ocrx_word' id='word_1_202' title='bbox 255 2591 292 2627; x_wconf 92' lang='lat' dir='ltr'><strong>p.</strong></span> <span class='ocrx_word' id='word_1_203' title='bbox 317 2581 383 2616; x_wconf 82' lang='lat'><strong>34.</strong></span> <span class='ocrx_word' id='word_1_204' title='bbox 425 2583 461 2615; x_wconf 86' lang='lat' dir='ltr'><strong>et</strong></span> <span class='ocrx_word' id='word_1_205' title='bbox 490 2576 754 2615; x_wconf 74' lang='lat' dir='ltr'><strong>Giovenazzz&#39;us</strong></span> <span class='ocrx_word' id='word_1_206' title='bbox 781 2578 829 2615; x_wconf 88' lang='lat' dir='ltr'><strong>ad</strong></span> <span class='ocrx_word' id='word_1_207' title='bbox 883 2578 1038 2625; x_wconf 85' lang='lat' dir='ltr'><strong>minem,</strong></span> <span class='ocrx_word' id='word_1_208' title='bbox 1066 2579 1300 2618; x_wconf 77' lang='lat' dir='ltr'><strong>Brunckius:</strong></span> <span class='ocrx_word' id='word_1_209' title='bbox 1334 2584 1569 2632; x_wconf 81' lang='lat' dir='ltr'><strong>Interpretari</strong></span> 
     </span>
     <span class='ocr_line' id='line_1_32' title="bbox 146 2640 1570 2692; baseline 0 -13"><span class='ocrx_word' id='word_1_210' title='bbox 146 2641 230 2680; x_wconf 88' lang='lat' dir='ltr'><strong>Liv.</strong></span> <span class='ocrx_word' id='word_1_211' title='bbox 246 2641 381 2692; x_wconf 82' lang='lat' dir='ltr'><strong>fragm.</strong></span> <span class='ocrx_word' id='word_1_212' title='bbox 414 2643 458 2680; x_wconf 87' lang='lat' dir='ltr'><strong>P.</strong></span> <span class='ocrx_word' id='word_1_213' title='bbox 475 2641 570 2679; x_wconf 83' lang='lat' dir='ltr'><strong>xlix.</strong></span> <span class='ocrx_word' id='word_1_214' title='bbox 597 2642 661 2679; x_wconf 83' lang='lat' dir='ltr'><strong>sed</strong></span> <span class='ocrx_word' id='word_1_215' title='bbox 676 2642 830 2680; x_wconf 75' lang='lat' dir='ltr'><strong>Paroeus</strong></span> <span class='ocrx_word' id='word_1_216' title='bbox 884 2640 998 2677; x_wconf 84' lang='lat' dir='ltr'><strong>alium</strong></span> <span class='ocrx_word' id='word_1_217' title='bbox 1010 2652 1116 2689; x_wconf 90' lang='lat' dir='ltr'><strong>posse</strong></span> <span class='ocrx_word' id='word_1_218' title='bbox 1126 2653 1207 2679; x_wconf 89' lang='lat' dir='ltr'><strong>reor</strong></span> <span class='ocrx_word' id='word_1_219' title='bbox 1216 2641 1570 2680; x_wconf 68' lang='lat' dir='ltr'><strong>neminemMuret.</strong></span> 
     </span>
    </p>
   </div>
   <div class='ocr_carea' id='block_1_8' title="bbox 1616 1520 1712 1563">
    <p class='ocr_par' dir='ltr' id='par_1_8' title="bbox 1616 1520 1712 1563">
     <span class='ocr_line' id='line_1_33' title="bbox 1616 1520 1712 1563; baseline -0.042 0"><span class='ocrx_word' id='word_1_220' title='bbox 1616 1520 1712 1563; x_wconf 82' lang='lat'><strong>305</strong></span> 
     </span>
    </p>
   </div>
   <div class='ocr_carea' id='block_1_9' title="bbox 145 2703 1625 2762">
    <p class='ocr_par' dir='ltr' id='par_1_9' title="bbox 145 2703 1625 2762">
     <span class='ocr_line' id='line_1_34' title="bbox 145 2703 1625 2762; baseline -0.001 -18"><span class='ocrx_word' id='word_1_221' title='bbox 145 2707 194 2745; x_wconf 87' lang='lat' dir='ltr'><strong>ad</strong></span> <span class='ocrx_word' id='word_1_222' title='bbox 210 2706 237 2744; x_wconf 91' lang='lat'><strong>1.</strong></span> <span class='ocrx_word' id='word_1_223' title='bbox 263 2712 287 2730; x_wconf 90' lang='lat'><strong>“</strong></span> <span class='ocrx_word' id='word_1_224' title='bbox 302 2712 409 2756; x_wconf 72' lang='lat' dir='ltr'><strong>posse</strong></span> <span class='ocrx_word' id='word_1_225' title='bbox 425 2708 525 2759; x_wconf 86' lang='lat' dir='ltr'><strong>reor]</strong></span> <span class='ocrx_word' id='word_1_226' title='bbox 557 2706 618 2744; x_wconf 89' lang='lat' dir='ltr'><strong>Sic</strong></span> <span class='ocrx_word' id='word_1_227' title='bbox 630 2706 681 2744; x_wconf 87' lang='lat' dir='ltr'><strong>V.</strong></span> <span class='ocrx_word' id='word_1_228' title='bbox 695 2707 747 2745; x_wconf 89' lang='lat' dir='ltr'><strong>D.</strong></span> <span class='ocrx_word' id='word_1_229' title='bbox 765 2707 830 2744; x_wconf 87' lang='lat' dir='ltr'><strong>Al.</strong></span> <span class='ocrx_word' id='word_1_230' title='bbox 884 2704 932 2740; x_wconf 83' lang='lat' dir='ltr'><strong>ad</strong></span> <span class='ocrx_word' id='word_1_231' title='bbox 950 2703 1089 2742; x_wconf 85' lang='lat' dir='ltr'><strong>Catull.</strong></span> <span class='ocrx_word' id='word_1_232' title='bbox 1109 2704 1212 2755; x_wconf 85' lang='lat' dir='ltr'><strong>Opp.</strong></span> <span class='ocrx_word' id='word_1_233' title='bbox 1233 2717 1284 2744; x_wconf 86' lang='lat'><strong>11.</strong></span> <span class='ocrx_word' id='word_1_234' title='bbox 1312 2718 1349 2755; x_wconf 89' lang='lat' dir='ltr'><strong>p.</strong></span> <span class='ocrx_word' id='word_1_235' title='bbox 1369 2704 1459 2749; x_wconf 88' lang='grc'>786.</span> <span class='ocrx_word' id='word_1_236' title='bbox 1475 2718 1570 2762; x_wconf 14' lang='lat' dir='ltr'><strong>*reor</strong></span> <span class='ocrx_word' id='word_1_237' title='bbox 1621 2751 1625 2754; x_wconf 29' lang='lat'><strong>¹</strong></span> 
     </span>
    </p>
   </div>
   <div class='ocr_carea' id='block_1_10' title="bbox 140 2767 1151 2820">
    <p class='ocr_par' dir='ltr' id='par_1_10' title="bbox 140 2767 1151 2820">
     <span class='ocr_line' id='line_1_35' title="bbox 140 2767 1151 2820; baseline 0.003 -13"><span class='ocrx_word' id='word_1_238' title='bbox 140 2775 301 2820; x_wconf 76' lang='lat' dir='ltr'><strong>potesse.</strong></span> <span class='ocrx_word' id='word_1_239' title='bbox 327 2783 361 2810; x_wconf 74' lang='lat' dir='ltr'><strong>a</strong></span> <span class='ocrx_word' id='word_1_240' title='bbox 378 2770 471 2814; x_wconf 68' lang='lat' dir='ltr'><strong>Ms„</strong></span> <span class='ocrx_word' id='word_1_241' title='bbox 506 2770 664 2809; x_wconf 81' lang='lat' dir='ltr'><strong>Decurt.</strong></span> <span class='ocrx_word' id='word_1_242' title='bbox 698 2772 833 2810; x_wconf 83' lang='lat' dir='ltr'><strong>absunt</strong></span> <span class='ocrx_word' id='word_1_243' title='bbox 885 2767 1020 2810; x_wconf 83' lang='lat' dir='ltr'><strong>delevit</strong></span> <span class='ocrx_word' id='word_1_244' title='bbox 1037 2767 1151 2806; x_wconf 83' lang='lat' dir='ltr'><strong>R·B·</strong></span> 
     </span>
    </p>
   </div>
  </div>
 </body>
</html>
