1864 3132
830 211 901 263 99

160 313 396 366 Similiter
436 317 578 366 etiam
634 315 798 365 Latini
852 317 1079 369 dicebant
1130 315 1312 366 honore
1361 313 1576 383 aliquem

161 409 368 458 augere,
402 395 472 442 uti
504 409 566 442 ex
598 391 832 459 Stephani
859 394 1084 443 thesauro
1103 394 1270 458 liquet.
1324 393 1437 443 Nec
1458 409 1575 444 vero

162 469 271 518 haec
294 471 562 519 emendatio
584 470 684 519 sola
710 470 907 519 rationis
928 470 991 528 vi,
1026 471 1109 519 sed
1131 469 1409 519 Scholiastae
1428 469 1574 518 ctiam

160 551 447 599 auctoritate
469 551 663 601 nititur:
703 555 913 610 Επευθεν
933 548 994 612 δε,
1025 557 1176 618 φησιν,
1210 574 1258 600 εκ
1290 573 1370 608 της
1399 557 1573 617 *Θηρας
1609 568 1674 621 59

157 648 225 689 τῳ
247 649 312 689 σῳ
334 649 467 702 ’γε-νει,
494 633 727 695 Αρκεσιλα,
751 630 776 677 ὁ
796 634 1018 678 Απολλών
1038 652 1249 695 χρησμοις
1269 652 1335 678 και
1356 651 1575 686 ,uam-etate

157 695 307 751 δεδευκε
328 726 407 753 συν
429 715 572 764 ΘΕΩΙ,
608 728 665 754 το
690 727 769 763 της·
795 707 959 769 Λιβυης
988 703 1134 755 πεδιον
1166 729 1309 763 τιμαις
1342 705 1486 769 αυξειυ
1516 728 1575 755 το

155 781 273 828 θεων
308 788 516 846 πολισμαὲ
555 805 623 830 και
664 779 837 844 decertem,
882 784 962 841 τῆς
1006 805 1148 840 τιμιον
1191 806 1377 849 εχουσης
1424 787 1575 849 θρονον

150 855 366 922 Rufinum.
401 859 549 907 Hunc
574 860 743 924 utique
774 860 826 908 in
860 861 1052 909 modum
1076 860 1357 910 Scholiastae
1377 860 1526 909 verba
1544 876 1576 909 a

160 934 275 983 viris
299 936 495 985 eruditis
518 938 800 987 ordinantur
819 953 877 986 ac
898 938 1273 1004 distinguuntur,
1308 937 1386 987 Ex
1401 938 1576 1002 quibus

156 1017 319 1061 tamen
340 1014 409 1062 ita
429 1016 659 1064 ordinatis
681 1016 860 1065 frustra
891 1016 1035 1081 plane
1066 1017 1161 1066 erit
1182 1016 1265 1080 qui
1286 1016 1574 1065 sententiam

154 1090 233 1139 vel
268 1093 562 1141 commodam
595 1093 672 1143 vel
705 1093 852 1141 ullam
883 1093 1060 1160 elicere
1093 1099 1294 1159 sataget.
1353 1092 1438 1141 'ru
1459 1108 1576 1142 vero

147 1169 350 1217 ‘tandem
394 1170 611 1219 voculam
655 1195 725 1220 και
769 1173 831 1220 ad
869 1172 1120 1236 pristinam
1157 1172 1319 1220 sedem
1362 1186 1574 1231 revoces,

153 1242 314 1292 locum
359 1245 519 1294 au'tem
563 1247 631 1294 sic
674 1247 942 1314 distinguas
973 1248 1143 1299 velim:
1197 1271 1255 1297 το
1289 1271 1368 1306 της
1410 1248 1574 1309 Λιβυης

95 1350 100 1357 ·
156 1317 304 1368 «tre-Bion
336 1343 475 1378 τιμαις
508 1322 662 1384 αυξειν,
709 1346 779 1372 και
822 1346 880 1371 το
921 1327 1036 1374 θειου
1069 1331 1268 1380 πολισμα
1300 1321 1464 1373 διοικειν
1495 1346 1575 1382 της

155 1415 301 1450 τιμιον
323 1418 503 1460 εχουσης
524 1401 675 1462 θρονον
709 1405 913 1466 Κυρηνης.
981 1401 1224 1449 Caeterum
1253 1401 1313 1448 Si*
1332 1401 1411 1448 cui
1446 1399 1574 1448 forte

158 1469 422 1533 displiceat,
447 1473 577 1534 quod
599 1479 649 1520 et
668 1490 767 1522 non
783 1475 1021 1524 immerito
1038 1476 1143 1524 fieri
1159 1476 1324 1540 possit,
1346 1472 1575 1527 ασυνδετος

159 1546 251 1594 ista
273 1546 661 1599 oratio—vreSwv
677 1573 822 1607 τιμαις
843 1558 1069 1618 οφελλειν,
1097 1575 1212 1601 amru
1233 1550 1573 1609 διανεμειν-θί

155 1638 248 1687 pro
281 1647 398 1673 αστυ
431 1641 529 1672 non
562 1626 863 1675 incommode
896 1628 1061 1693 legere
1085 1628 1250 1677 licebit
1270 1651 1428 1689 καστυ,
1457 1629 1505 1678 h.
1529 1644 1572 1677 e.

150 1724 226 1749 και
248 1724 376 1750 ww.
429 1701 563 1751 Nam
585 1704 748 1752 similis
769 1705 901 1769 apud
923 1705 1187 1755 Pindarum
1208 1707 1356 1756 erasis
1378 1706 1569 1773 Olymp.

158 1792 234 1825 111.
270 1777 354 1825 ult.
379 1778 429 1826 in
452 1786 663 1846 κασοφοις
685 1781 990 1845 conspicitur,
1023 1778 1026 1781 ’
1050 1789 1053 1791 “

154 1865 298 1914 Nem.
326 1882 373 1915 v.
414 1879 479 1921 17.
549 1873 640 1918 Ταν
667 1891 760 1918 ποτ
786 1868 984 1937 ευαυδρον
1010 1894 1063 1920 τε
1085 1894 1151 1921 και
1173 1896 1281 1921 ναν--

1225 1951 1252 2016 ]

153 2031 255 2083 Pro
291 2050 409 2083 voce
445 2035 580 2084 nihili
617 2040 837 2087 θεσσαντο
873 2041 1202 2104 reponendum
1240 2048 1316 2090 est
1346 2044 1568 2099 ἑσσαντος

151 2115 351 2157 auctore
372 2110 476 2175 ipso
499 2109 711 2160 Pindaro
734 2112 876 2180 Pyth.
899 2130 971 2164 lv.
1003 2123 1103 2186 3363.

546 1970 592 1996 σι
620 1955 784 1997 κλυταν
793 1950 833 1976 ‘¹⁸
862 1953 1082 1999 θεσσαντο

769 2201 1059 2254 Ποσειδαωυος·
1081 2217 1171 2255 ΕΣ-

548 2287 698 2327 ΣΑΝΤ
720 2287 906 2334 ειναλιον
930 2304 1122 2338 ’τε-μενος.

155 2383 265 2445 Cant.
276 2382 329 2422 H.
347 2385 402 2423 St.
419 2386 456 2422 in
473 2385 586 2423 TheS.
605 2386 674 2424 Gr.
692 2400 728 2425 v.
747 2389 834 2428 Τι’ω.
889 2395 1132 2432 ναυσίστονον
1149 2394 1253 2449 ὕβριν
1270 2395 1351 2435 ἰδών
1366 2395 1430 2435 64.
1449 2413 1570 2437 ναυσι-

152 2455 194 2489 ut
209 2449 252 2487 Il.
271 2450 319 2498 Θ,
341 2454 431 2489 225.
454 2450 619 2504 ἔσχατοι
638 2452 721 2498 νῆαι·
736 2447 835 2494 ἐΐσας
888 2459 1068 2513 <poprie-otc
1078 2459 1267 2515 δ’ᾰνδρᾶσι
1277 2461 1365 2500 Eur.
1374 2461 1444 2500 Ph.
1455 2466 1569 2507 1727.

155 2514 231 2563 ΕΙ),
251 2514 324 2552 PR.
347 2513 505 2569 ἔσχατα
524 2514 621 2552 idem
639 2516 726 2554 MS.
748 2517 835 2556 Vid.
889 2527 1144 2573 ναυσίπομπον
1170 2523 1284 2580 αὔραν
1308 2526 1391 2576 Iph.
1410 2527 1461 2565 A.
1481 2531 1530 2569 17
1532 2530 1568 2564 2.

157 2576 204 2615 R.
218 2576 264 2615 P.
282 2579 330 2616 ad
345 2578 448 2616 Med.
462 2583 527 2616 44.
545 2584 582 2616 et
595 2579 691 2618 conf·
703 2582 751 2619 ad
765 2583 836 2622 Ph.
889 2588 1039 2627 πλάτας·
1091 2588 1328 2644 ναυσιπόρους
1376 2590 1568 2641 Aristoph-

160 2645 275 2680 1358·
303 2643 406 2681 Med·
425 2643 516 2689 675-
891 2652 1033 2692 Eccles.
1045 2653 1135 2692 426.
1154 2654 1211 2692 ἵνα
1231 2654 1338 2693 τοῦτ’
1351 2654 1569 2694 ἀπέλαυσαν

207 2710 272 2743 48.
298 2709 541 2747 ναυσικλυτοῖν
552 2708 688 2759 optime
699 2710 837 2750 Boeck-
889 2717 1136 2758 Ναυσικύδους
1155 2717 1334 2767 τάγαθόν.
1357 2719 1452 2758 conf.
1471 2720 1566 2758 Xen.

155 2770 211 2807 ius
227 2785 235 2809 :
280 2770 351 2809 hoc
389 2775 633 2824 compositum
675 2777 835 2826 ejusdem
890 2779 1007 2820 Mem.
1023 2795 1054 2829 1,
1068 2782 1131 2830 vii,
1141 2782 1180 2821 6.
1199 2785 1433 2823 νανσικλυτός
1449 2784 1566 2822 decies

154 2841 213 2875 est
254 2838 392 2887 generis
441 2841 543 2892 cujus
598 2841 722 2892 Pyth:
748 2847 835 2881 140.
887 2844 924 2883 in
944 2845 1127 2896 odyssea.

1226 2922 1250 2951 P
