1864 3132
916 164 1018 212 516

252 270 345 322 gici,
366 270 537 322 ejusdem,
566 269 708 318 opinor,
738 267 946 319 tautologia

257 339 352 380 erat,
372 333 464 371 οιδεν
480 350 502 379 η
516 332 876 383 ’atterutro—quam
887 331 945 369 hic

258 397 418 450 παρωδει
461 385 746 447 Aristophanes.
803 395 947 435 Similes

254 461 409 510 phrases
435 461 533 499 ridet
560 461 597 499 in
626 460 746 499 Ranis
769 473 808 497 v.
831 463 946 498 1184.

261 524 350 562 Ηκω
373 542 430 563 και
448 527 702 579 κατερχομαι.
732 529 768 564 et
783 536 816 562 v.
832 526 947 561 1205.

259 598 390 635 κλυειν,
409 591 606 628 ακουσαι.”
628 590 948 628 TYRWHITT.—-

260 660 270 677 ‘
292 656 499 702 Πεπτατο,
515 660 631 701 verte,
659 653 812 700 volavit,
843 658 884 690 ut
901 652 950 691 sit

259 734 400 767 sensus,
428 721 461 758 si
489 721 598 758 talem
628 720 730 758 novit
749 719 882 765 urbem,
910 717 949 754 ia

258 781 305 821 iis
339 784 560 835 regionibu8‚
606 797 697 835 quas
729 782 948 833 pervolavit.

261 845 352 901 Legi
387 850 501 887 etiam
537 854 658 899 potest
693 848 741 894 r’1'.'
793 847 949 885 Sancta-

258 916 540 953 mandus.—De
562 914 745 965 scriptura
762 928 947 951 πεπτατο

240 992 309 1017 xan
338 995 530 1026 πεπτετο,
566 979 635 1017 etsi
666 977 823 1016 alteram
853 988 948 1025 prae-

258 1044 352 1082 ferre
383 1044 540 1090 videtur,
574 1056 648 1081 non
683 1035 782 1080 certo
818 1040 948 1079 statuit

260 1109 467 1147 Dawesius.
519 1108 694 1147 Alteram
713 1105 949 1156 amplectitur

260 1172 460 1210 Piersonus
496 1172 544 1209 ad
587 1171 737 1209 Moerin.
785 1184 822 1220 p.
853 1174 948 1207 312.

261 1237 428 1275 Priorem
480 1253 666 1275 πεπτατο
724 1236 951 1274 confirmant

261 1315 344 1353 quae
364 1302 489 1340 attulit
507 1301 746 1352 Berglerus.''
772 1301 950 1352 Burgess.

262 1370 461 1410 πέπταται
492 1370 581 1407 Ald.
610 1375 647 1407 et
665 1369 768 1407 Junt.
791 1382 822 1406 1.
856 1368 953 1406 πέπ-

264 1453 368 1475 τατο
387 1437 489 1475 Junt.
509 1440 547 1475 2.
583 1436 732 1483 Portus,
757 1439 852 1480 etc.;
880 1431 953 1472 εἶδε

665 1519 686 1539 0

265 1555 384 1601 πόλιν,
437 1553 463 1609 ᾗ
492 1555 691 1595 πέπταται
731 1555 820 1594 MS.
856 1556 954 1605 apud

265 1621 430 1660 Bruuclc.
475 1623 540 1660 sed
576 1622 744 1661 Dawesii
782 1624 956 1661 emenda-

264 1690 402 1728 tionem
421 1703 445 1727 a
464 1689 643 1728 Piersono
661 1691 873 1740 probatam,
901 1691 955 1729 uti

264 1763 303 1795 et
323 1754 435 1803 εἶδεν,
474 1757 675 1796 confirmat
703 1757 836 1804 RAV.;
882 1756 954 1796 εἶδε

266 1835 408 1873 quoque
418 1822 512 1860 Cod.
536 1821 650 1870 Vict„
679 1824 743 1861 sed
758 1824 954 1862 ’πέπτατο

265 1888 408 1926 retinet.
436 1887 662 1927 ἐπιπτέσθαι
696 1888 741 1926 Il.
769 1890 823 1936 Δ,
865 1887 954 1927 126.

266 1951 430 1999 πέτομαι
460 1952 576 2001 Soph.
614 1952 705 1990 OEd.
734 1953 828 2003 Tyr.
864 1957 956 1997 487.

267 2017 430 2062 πέτεται
461 2021 578 2054 1310.
607 2016 770 2056 πτὲσθαι
804 2023 864 2062 17.
898 2019 958 2055 In-

267 2076 326 2113 fra
365 2090 401 2126 p.
434 2081 526 2115 518.
572 2078 600 2115 l.
632 2083 672 2125 3,
704 2084 743 2116 4.
799 2085 820 2102 ‘⁶
839 2079 954 2130 Lege,

269 2138 474 2184 θαυμαστά
508 2141 543 2187 ’γ’
572 2139 955 2189 &edoceam-rel,

993 272 1167 321 mutetupt.
1244 268 1359 307 Recte
1404 268 1537 320 igitur¹
1568 267 1679 307 α’νεπ·

997 334 1119 382 τόμαν
1157 333 1270 372 edidit
1290 333 1498 371 Brunckius
1533 333 1572 370 in
1609 332 1678 370 So-

992 397 1112 447 phocl.
1133 398 1201 448 Aj.
1233 395 1324 442 693.
1354 396 1429 445 (ubi
1461 395 1680 442 ἀνεπτόμην
1700 391 1714 397 ”

998 460 1103 500 Suid.
1132 460 1223 499 MS.
1261 460 1302 498 C.
1323 459 1366 497 C.
1386 458 1430 497 C.
1468 459 1538 497 Ox.
1574 458 1613 495 in
1646 469 1682 495 v.

996 524 1154 578 ἔφριξα”
1180 531 1216 564 et
1243 524 1408 575 ejusdem
1427 523 1517 561 MS.
1546 520 1683 566 Harl.;

997 591 1062 629 sed
1078 590 1299 639 α’νεπτάμαν
1317 597 1354 628 et
1370 587 1589 637 ἀνεπτόμην
1617 587 1689 637 Aj-.

998 655 1118 694 MSS.
1154 655 1263 693 Harl.
1299 661 1335 693 et
1369 654 1503 705 Hunt.)
1548 659 1571 676 “
1592 651 1684 689 male

999 720 1250 774 προσέπτετο
1269 722 1355 758 ibid.
1373 719 1486 760 282.'’
1511 719 1573 757 ubi
1592 734 1686 772 προ-

999 786 1182 825 σέπτατο
1215 786 1334 824 MSS.
1360 785 1471 823 Harl.
1498 790 1536 822 et
1565 783 1685 820 Hunt.

999 856 1026 874 “
1047 851 1096 888 In
1130 852 1322 901 Aristoph.
1358 851 1431 888 Av.
1462 852 1551 887 118.
1585 851 1686 885 recte

1000 914 1173 962 Bmkiw,
1210 915 1287 953 Καὶ
1323 916 1391 964 σγῆν
1425 913 1595 954 ἐπέπτου
1626 910 1687 949 καὶ

998 982 1202 1019 θάλατταν
1232 981 1271 1021 ἐν
1293 981 1421 1033 κύκλῳ,
1448 984 1551 1018 recte
1577 977 1686 1025 etiam

1000 1044 1208 1083 Brunckius
1226 1050 1318 1090 789.
1345 1043 1589 1092 ἐκπτόμενος,
1608 1046 1651 1079 ut
1669 1053 1689 1078 e

999 1108 1090 1146 MS.
1109 1109 1208 1148 Rav.
1225 1110 1378 1148 edidisse
1396 1109 1543 1147 videtur
1560 1107 1692 1146 Inver-

1001 1175 1150 1213 nizius''.
1182 1175 1232 1214 R.
1249 1175 1296 1213 P.
1324 1175 1372 1213 ad
1402 1174 1507 1212 Med.
1527 1186 1558 1212 1.
1587 1173 1689 1211 Bene

1002 1238 1210 1276 Brunckius
1225 1237 1429 1277 οἷπέπτετο
1459 1239 1538 1275 Av.
1553 1241 1620 1282 90.
1648 1239 1691 1273 ut

1003 1301 1148 1339 Eccles.
1165 1295 1281 1339 1121.
1309 1300 1535 1348 πετόμεσθά
1552 1315 1598 1337 τε
1613 1297 1689 1351 γὰρ

1005 1370 1097 1411 705.
1140 1367 1332 1406 εἰσέπτετ’
1362 1370 1480 1410 1173.
1524 1356 1693 1403 α’ναπτό·

1003 1448 1111 1481 μενος
1133 1437 1250 1470 1384.
1277 1432 1350 1469 duo
1370 1431 1488 1469 MSS.
1508 1428 1693 1487 apud-Br-
1727 1432 1740 1441 “

1006 1507 1044 1538 et
1091 1498 1185 1536 Cod.
1233 1499 1343 1536 RAv.
1364 1513 1374 1543 ;

1008 1565 1182 1602 Brunckii
1217 1564 1459 1610 membranae,
1494 1567 1531 1599 et
1566 1558 1616 1597 R.
1646 1556 1693 1595 Β.

1008 1631 1171 1669 πέτοιτο
1191 1629 1336 1668 Eccles.
1355 1633 1445 1673 899.
1465 1624 1694 1677 παρέπτετο

1007 1695 1163 1732 Thesm.
1192 1698 1308 1731 1014.
1353 1690 1563 1740 πετομένας
1601 1689 1702 1739 Lys.'

1009 1763 1096 1806 55.;
1141 1760 1231 1796 bene
1263 1770 1405 1809 quoque
1434 1756 1697 1810 προσέπτατο

1010 1823 1182 1874 AEschyl.
1216 1822 1260 1860 P.
1288 1822 1339 1860 V.
1376 1820 1468 1867 649.
1511 1820 1697 1860 ἀνέπτατ’

1005 1886 1193 1927 ἀνέπτατ’
1210 1886 1519 1925 consentientibus
1546 1883 1695 1936 quidem

1010 1947 1697 1990 MSS.Ran.1351.-1b.1.11.“Sui·

1009 2019 1074 2055 das
1093 2017 1132 2054 in
1145 2029 1182 2053 V.
1202 2013 1695 2066 Ἀμφοῒν--ἆνιπτάμεσ-

1009 2080 1103 2131 Leg.
1115 2082 1140 2117 α’
1144 2079 1436 2128 νιπτάμεσθ’-”
1449 2077 1538 2116 R.B
1543 2107 1551 2115 .
1560 2077 1596 2115 Ἴ
1599 2093 1699 2115 πτα·

1008 2163 1073 2194 μαι
1106 2158 1191 2182 vero
1210 2145 1353 2182 Atticis
1388 2143 1516 2193 opinor
1542 2155 1696 2192 prorsus

1429 1494 1692 1543 ἀναπτάμενος

269 2202 458 2250 θαυμάστ’
475 2203 893 2252 ἃνεπετόμεσθα”-1ὶ.
909 2207 956 2245 B.
995 2209 1123 2262 fitisse
1142 2209 1376 2259 incognitum.
1399 2207 1599 2258 Nunquam
1614 2219 1700 2245 sane
1751 2226 1754 2228 v

265 2280 347 2319 prae
381 2281 455 2319 qua
488 2270 582 2307 mihi
626 2271 780 2321 vulgata
824 2274 958 2323 placet.

270 2331 327 2369 lb.
355 2330 382 2370 l.
407 2336 468 2369 10.
505 2339 603 2370 recte
636 2335 787 2387 addidit,
798 2337 960 2386 plerum—

270 2409 338 2448 que
373 2397 595 2444 Dawesius;
642 2405 668 2423 “
695 2401 822 2439 Attici
865 2403 965 2441 enim'

265 2463 312 2501 in
347 2463 526 2512 proesenti
567 2464 737 2504 adhibent
779 2467 957 2519 πέτομαι,

273 2525 454 2575 πέταμαι,
512 2525 552 2563 in
595 2527 736 2565 aoristo
775 2530 959 2582 ἐπτόμην,

272 2589 461 2642 ἐπτάμην,
489 2602 640 2641 quorum
658 2593 766 2642 prius
784 2595 840 2634 ita
862 2611 962 2648 proe·

258 2654 462 2706 ferendum
483 2653 636 2705 judico,
681 2662 723 2694 ut
755 2666 885 2699 contra
920 2663 963 2701 li-

271 2719 419 2758 brorum
461 2725 580 2760 tamen
624 2735 830 2764 consensum
871 2728 965 2767 nihil

1010 2275 1174 2315 occurrit
1192 2274 1228 2312 in
1243 2273 1415 2324 praesenti
1423 2288 1437 2317 ;
1456 2273 1649 2323 aliquoties
1662 2272 1699 2310 in

1011 2340 1240 2393 impeffecto,
1258 2340 1323 2378 sed
1332 2340 1393 2377 ubi
1411 2338 1535 2390 aptius
1551 2350 1700 2388 respon-

1012 2406 1114 2445 deret
1149 2406 1310 2445 aori-stus
1321 2420 1336 2450 ,-
1383 2404 1529 2455 Polyid.
1550 2404 1699 2456 fragm.

1012 2472 1111 2521 apud
1126 2469 1163 2508 V
1160 2471 1350 2509 alclcenoer.
1374 2469 1542 2508 Diatrib.
1556 2481 1597 2518 p.
1609 2472 1700 2507 201.

1012 2534 1073 2574 ubi
1102 2534 1262 2585 primum
1306 2538 1362 2572 est
1405 2535 1566 2580 ἵπτατο,
1608 2544 1700 2572 mox

1241 2597 1289 2637 In
1318 2598 1403 2650 Iph.
1435 2598 1485 2637 A.
1516 2602 1607 2637 801.
1653 2600 1699 2637 οἷς

1013 2666 1132 2721 ἔτυχε
1142 2666 1232 2712 Λήδ’
1239 2653 1351 2719 ὄρνιθ’.
1359 2664 1560 2717 ι’πταμένῳ,
1568 2661 1699 2702 literas

1015 2733 1106 2770 male
1142 2732 1278 2769 divisas
1313 2729 1407 2768 vidit
1443 2729 1698 2768 Marklandus.

1011 2601 1180 2641 ἔπτατο.
