1864 3132
951 224 1051 278 184

283 336 387 390 atqui
404 335 512 387 longe
541 334 655 374 aliam
683 333 809 383 fuisse,
837 345 886 374 ex
909 335 978 373 du-

281 393 370 455 piici
399 400 621 448 Quintiliani
647 401 686 438 in
723 400 850 439 Instit.
879 405 975 439 orat.

281 467 365 507 loco
398 465 589 516 perspicue
624 462 873 503 demonstrari
911 476 977 515 po—

281 535 368 569 test.
425 528 522 567 libro
567 527 716 580 quidem
753 540 783 566 1.
819 540 901 578 cap.
934 524 974 568 6.-

283 594 446 644 “Atque
465 593 555 641 haec,
574 593 706 645 inquit,
724 593 805 643 ipsa
819 604 837 631 s
851 593 977 631 littera

280 660 326 698 ab
351 658 408 696 his
434 658 635 696 nominibus
659 657 829 708 (scilicet,
857 658 977 705 arbos,

280 725 395 772 labos,
424 736 537 774 vapos
563 730 635 765 etc.
677 724 808 778 quibus
835 725 978 762 'veteres

279 790 388 831 latini
401 790 614 842 utebantur)
623 789 768 828 exclusa
780 789 978 841 (siquidem

281 855 501 905 recentiores
512 855 633 902 arbor,
647 854 762 903 labor,
776 866 892 905 vapor
906 861 978 895 etc.

282 921 402 960 dicere
420 921 685 971 instituerunt),
711 919 751 958 in
769 919 980 972 quibusdam

280 988 365 1039 ipsa
395 987 506 1025 &lteri
536 985 723 1025 successit.
768 999 851 1024 nam
879 999 978 1024 mer-

281 1059 376 1101 tare,
394 1058 505 1104 atque
520 1051 667 1103 pultare
685 1051 866 1098 dicebant,
891 1064 979 1101 quo-

282 1119 388 1161 modo
406 1118 589 1165 fordeum,
615 1117 804 1169 foedusque
827 1130 895 1168 pro
919 1130 981 1155 as·

283 1183 476 1235 piratione,
488 1195 559 1221 vau
571 1183 684 1222 simili
691 1183 978 1222 litterautentes.

283 1261 375 1288 nam
410 1252 541 1286 contra
573 1246 686 1299 graeci
726 1247 782 1285 ita
817 1246 981 1297 aspirare

284 1313 369 1352 haec
409 1312 543 1359 solent,
588 1317 631 1351 ut
675 1324 743 1363 pro
789 1310 981 1350 Fundanio

284 1379 420 1418 Cicero
446 1383 596 1425 testem,
624 1378 686 1429 qui
714 1377 878 1428 primam
902 1377 982 1427 ejus

284 1444 450 1483 litteram
477 1443 599 1481 dicere
629 1455 703 1481 non
735 1446 873 1492 posset,
905 1441 986 1479 irri-

283 1509 385 1548 det.”
414 1521 573 1560 quorum
587 1509 789 1546 verborum
802 1506 887 1546 haec
899 1499 993 1545 senss

283 1574 403 1613 tentia
418 1580 489 1622 est,
506 1579 648 1613 veteres
667 1571 806 1621 Latini,
826 1585 984 1625 quomm

285 1640 437 1679 auribus
466 1629 644 1690 aspiratio
671 1638 793 1677 omnis
824 1642 905 1676 erat
931 1626 985 1675 in-

286 1704 455 1752 suavior,
493 1704 657 1743 litteram
673 1702 712 1758 f
736 1715 804 1754 pro
832 1701 854 1740 h
881 1714 986 1754 repo-

288 1775 418 1809 nentes
446 1782 494 1809 ex
518 1769 691 1808 hordeum
713 1769 877 1808 fecerunt
892 1767 986 1820 for-

290 1835 408 1882 deum,
437 1839 474 1873 et
477 1833 606 1887 foedus
623 1847 670 1872 ex
689 1833 821 1872 haedus.
855 1837 985 1870 contra

289 1900 422 1953 graecis
437 1900 568 1938 eadem
581 1897 750 1950 litteras
758 1898 811 1936 sic
826 1897 987 1935 absurda

289 1969 401 2016 atque
415 1965 571 2012 absona,
591 1963 906 2014 pronunciatuque
920 1959 987 1998 dif-

291 2029 402 2068 ficilis
420 2034 490 2075 est,
515 2027 692 2066 ut⁷latina
707 2026 871 2073 nomina,
900 2037 987 2076 quo-

288 2107 376 2135 rum
415 2094 484 2133 illa
523 2093 647 2143 prima
688 2091 747 2137 sit,
799 2090 988 2140 adspirare

289 2160 449 2206 soleant,
480 2163 518 2196 et
544 2170 587 2195 eo
616 2156 769 2194 ridiculo
797 2155 910 2193 modo
936 2152 989 2191 ef—

290 2224 398 2271 fene,
420 2236 492 2274 quo
509 2221 621 2259 modo
638 2226 802 2258 utentem
822 2231 987 2271 graecum

293 2287 494 2340 quemdam
519 2291 654 2324 testem
677 2285 849 2323 videmus
877 2297 901 2321 a
926 2282 990 2321 Ci-

293 2365 423 2392 cerone
447 2352 486 2389 in
512 2351 677 2389 oratione
702 2361 769 2399 pro
797 2347 989 2387 Fundanio

288 2417 394 2468 (quae
418 2426 493 2453 una
517 2407 569 2452 ex'
590 2413 634 2451 iis
658 2412 787 2451 multis
807 2417 876 2459 est,
905 2421 988 2463 quae

285 2478 519 2526 Quintiliani
556 2482 668 2516 aetate
703 2477 915 2523 exstabant,
948 2480 991 2513 at

295 2550 426 2598 postea
441 2545 716 2594 interciderunt)
731 2543 874 2582 irrideri
889 2557 900 2590 ;
930 2541 991 2594 qui

284 2612 402 2652 -testis
444 2610 608 2661 primam
649 2610 764 2660 ipsius
808 2608 993 2648 fundanii

296 2677 463 2716 litteram
504 2676 624 2714 dicere
658 2679 757 2713 recte
795 2687 840 2713 ae
876 2673 993 2712 latino

300 2755 392 2783 sono
413 2755 488 2782 non
509 2746 649 2793 posset.
689 2740 854 2792 potuitne
880 2740 993 2793 igitur

1030 337 1157 377 latinae
1184 336 1318 377 litterae
1332 335 1375 389 f
1395 337 1526 376 eadem
1556 346 1637 377 esse
1663 337 1726 377 vis

1030 414 1075 441 ac
1110 407 1287 452 potestas,
1325 414 1407 453 quae
1443 414 1576 452 graecae
1609 408 1654 455 φ,
1692 402 1726 440 si

1029 468 1144 506 homo
1185 479 1329 519 graecus
1370 467 1552 506 rationem
1591 467 1724 518 primae

1032 533 1216 573 fundanii
1231 533 1364 572 litterae
1387 532 1622 582 expediendae
1644 544 1727 583 pro-

1031 598 1324 649 nunciandaeque
1347 597 1503 647 reperire
1527 609 1601 634 non
1624 600 1727 646 pote-

1032 666 1116 702 rat?
1164 662 1226 700 hic
1259 661 1354 700 mihi
1387 674 1478 699 sane
1513 661 1617 699 testis
1651 673 1737 699 non.

1033 728 1157 767 minus
1191 734 1323 765 contra
1351 726 1574 772 Victoriam,
1610 738 1727 777 quam

1033 798 1164 831 contra
1192 790 1426 829 Fundanium
1458 789 1596 828 dixisse
1627 788 1731 828 testi·

1034 856 1202 895 monium
1230 858 1268 894 in
1293 854 1435 907 judicto
1463 855 1622 894 videtur.
1662 852 1728 892 sed

1033 930 1070 962 et
1091 922 1344 969 Quintilianus
1361 921 1439 972 ipse
1453 920 1548 959 libro
1561 919 1729 971 ejusdem

1024 985 1153 1040 'operis
1181 999 1266 1026 xu.
1296 999 1380 1037 cap.
1407 991 1470 1024 10.
1517 985 1731 1025 testimonio

1034 1066 1176 1105 quoque
1204 1065 1271 1092 suo
1297 1056 1405 1102 urget
1432 1050 1638 1097 hominem,
1671 1063 1732 1089 co—

1034 1119 1171 1170 gitque,
1190 1130 1372 1168 magnum
1391 1116 1487 1155 inter
1503 1123 1533 1168 φ
1551 1115 1632 1169 ets
1650 1116 1731 1155 soni

1035 1182 1234 1221 discrimen
1251 1181 1343 1220 olim
1359 1180 1624 1227 intercessisse,
1645 1193 1732 1226 con-

1036 1249 1145 1288 fiteri.
1200 1253 1223 1272 “
1235 1248 1332 1294 Quae
1349 1248 1490 1298 (graeca
1507 1244 1660 1284 nomina
1677 1257 1733 1283 ze-

1031 1316 1171 1366 phyrus
1199 1319 1309 1365 atque
1337 1315 1506 1363 zopyrus)
1538 1311 1570 1349 si
1596 1309 1733 1349 nostris

1037 1379 1168 1418 litteris
1197 1377 1418 1423 scribantur,
1447 1375 1602 1413 surdum
1631 1373 1736 1425 quid·

1039 1444 1128 1481 dam
1146 1440 1247 1492 (fort.
1263 1439 1464 1491 quemdam)
1481 1444 1519 1477 et
1531 1438 1734 1476 barbarum

1039 1506 1196 1545 efficient
1213 1517 1360 1551 sonum,
1381 1509 1418 1542 et
1434 1503 1538 1542 velut
1553 1503 1592 1541 in
1607 1503 1734 1542 locum

1039 1582 1170 1610 earum
1200 1568 1399 1607 succedent
1428 1567 1552 1606 tristes
1583 1572 1622 1606 et
1650 1567 1736 1606 hor-

1039 1634 1144 1681 ridae‚
1173 1631 1305 1684 quibus
1324 1631 1475 1670 Graecia
1490 1635 1603 1669 caret.
1642 1642 1735 1669 nam

1036 1699 1116 1747 illa,
1166 1711 1250 1750 quae
1291 1702 1399 1737 sexta
1432 1702 1491 1736 est
1522 1701 1734 1736 nostrarum

1040 1764 1129 1816 [s],
1154 1774 1257 1813 paene
1274 1774 1348 1800 non
1365 1761 1535 1799 humana
1551 1772 1658 1807 voce,
1674 1758 1735 1796 vel

1039 1830 1192 1869 omnino
1227 1841 1302 1866 non
1337 1838 1430 1864 voce
1463 1825 1598 1876 potius,
1639 1824 1735 1862 inter

1038 1895 1258 1935 discrimina
1283 1894 1447 1932 dentium
1473 1890 1636 1930 efflanda
1651 1895 1733 1928 est:

1041 1972 1124 2012 quae
1153 1960 1280 2006 etiam,
1307 1970 1395 1995 cum
1423 1955 1595 1995 vocalem
1614 1952 1738 2005 proxi-

1042 2039 1149 2065 mam
1184 2023 1332 2073 accipit,
1380 2034 1517 2073 quassa
1557 2018 1738 2072 quodam-

1042 2091 1169 2136 modo,
1214 2088 1339 2139 utique
1381 2087 1522 2138 quoties
1569 2085 1735 2136 aliquantu

1042 2143 1324 2196 consonantem'
1345 2151 1495 2202 frangit,
1538 2148 1658 2188 multo
1694 2147 1738 2187 fit

1042 2220 1260 2261 horridior.”

1099 2285 1171 2325 Sed
1195 2286 1279 2337 jam
1311 2283 1358 2321 ad
1390 2279 1581 2320 Ciceronis
1610 2278 1736 2317 locum

1043 2350 1250 2391 veniamus.
1296 2360 1300 2369 ·
1341 2346 1484 2386 Ennius
1541 2342 1738 2393 caetetique

1043 2421 1187 2455 veteres
1203 2412 1310 2453 latini
1326 2412 1366 2450 in
1380 2409 1513 2463 graecis
1526 2406 1737 2447 nominibus

1046 2479 1214 2531 Pyrrhus
1245 2484 1282 2517 et
1316 2476 1485 2528 Phryges
1516 2469 1738 2522 usurpandis

1044 2543 1117 2582 tria
1159 2541 1312 2582 omnino
1352 2539 1611 2577 immutarunt.
1666 2532 1740 2584 pri-

1044 2620 1152 2646 mum
1181 2604 1469 2657 adspirationem
1497 2600 1532 2649 k,
1565 2612 1640 2652 qua
1664 2611 1739 2638 non

1045 2671 1117 2711 nisi
1133 2672 1171 2710 in
1187 2668 1392 2717 vocalibus,
1417 2666 1535 2717 iisque
1551 2676 1626 2703 non
1641 2661 1742 2702 mul-

1045 2738 1107 2790 tis,
1133 2737 1341 2785 utebantur,
1365 2733 1587 2785 abjecerant,
1609 2729 1678 2777 ita,
1696 2731 1741 2768 at
