1864 3132
197 1548 259 1599 78

958 265 1059 315 124

288 385 431 434 hodie
455 382 624 450 majori
648 381 861 432 simul'et
884 384 1058 433 minori
1071 396 1110 444 †,
1146 384 1359 434 rediviva
1380 384 1442 432 ab
1465 399 1596 434 anno
1622 383 1726 451 jam

290 460 427 512 S‘eXtO
468 461 735 527 Lysistrata
773 462 918 527 Capiti
956 462 1351 512 circumdandum
1391 471 1598 521 καλυμμα
1632 470 1729 512 tra-

290 542 486 590 didisset
502 540 553 587 ¹⁵.
1048 550 1056 558 ‘

357 620 662 670 Kusterianae
697 620 1019 670 observationi
1053 620 1262 687 gemella
1300 618 1375 670 est
1409 622 1500 669 ista
1535 619 1728 669 doctiss.

291 695 620 765 Hutchinsoni
665 697 727 745 ad
766 697 995 763 Xenoph.
1040 691 1197 746 Anah.
1239 714 1350 764 pag.
1378 710 1433 752 79
1457 698 1620 762 [=77.
1654 697 1730 746 ed.

291 770 530 839 cantab]
588 772 789 823 ελωιίτων
834 796 902 822 και
949 771 1267 836 διακοψοντων.
1339 771 1519 821 Monet
1563 773 1735 837 utique

293 863 494 903 ελωντων
526 853 778 919 eleganter
801 869 891 918 pro
915 860 1168 901 ελασουτων
1201 850 1438 909 adhiberi,
1472 849 1737 915 laudatque

293 930 473 980 Thom.
501 927 829 997 Magistrum:
891 934 1020 978 Ελαω
1060 932 1129 978 'cin
1166 937 1268 988 ελω,
1312 951 1413 976 αντι
1449 951 1530 977 του
1571 935 1739 977 ελαυνω

295 1014 492 1066 Ελληνες
514 1009 714 1071 Myous&
761 1031 799 1055 οι
837 1004 882 1056 δε
916 1012 1117 1065 Αττικοι,
1152 1029 1251 1055 αντι
1274 1029 1355 1054 του
1379 1013 1542 1055 ελασω.
1597 1005 1668 1054 uti
1692 1013 1742 1055 et

296 1084 513 1134 Moerin:
554 1087 672 1142 Ελω,
697 1087 910 1132 Αττικως·
948 1090 1107 1141 ελασω,
1138 1086 1383 1138 Ελληνικως
1397 1080 1448 1128 ¹⁶.
1521 1081 1588 1128 At
1610 1079 1739 1128 enim

294 1162 758 1228 glossographorum
796 1159 1008 1207 mentem
1043 1159 1200 1206 minus
1233 1163 1365 1206 recte
1397 1157 1584 1222 cepisse
1607 1156 1742 1205 vide-

296 1237 404 1298 tur3
454 1254 616 1302 neque
649 1237 774 1285 enim
802 1253 884 1286 eos
903 1237 988 1284 hic
999 1251 1281 1301 suggerere
1308 1235 1516 1283 voluisse
1539 1249 1744 1282 censen-

297 1317 413 1366 dum
437 1322 510 1364 est
534 1315 721 1363 Atticos
753 1331 969 1378 praesens
1001 1331 1091 1378 pro
1122 1313 1287 1362 futuro
1325 1307 1478 1378 (qued
1505 1310 1746 1378 judicavit

299 1394 373 1442 vir
396 1392 622 1454 doctiss.)
660 1389 892 1438 adhibere
927 1389 1108 1450 selitOS,
1150 1390 1235 1449 sed
1270 1389 1488 1442 futurum
1529 1397 1617 1437 ελω
1655 1403 1745 1452 pro

301 1467 545 1516 communi
583 1467 775 1530 «ελίιισω.ι
834 1465 1081 1513 Caeterum
1113 1465 1259 1531 juxta
1296 1464 1555 1512 lectionem
1597 1478 1745 1528 supra

302 1543 588 1607 descriptam
614 1543 756 1591 docet
778 1541 957 1590 Thom.
985 1541 1228 1608 Magister
1251 1542 1438 1590 Atticos
1461 1547 1560 1590 tam
1594 1547 1745 1606 ’ςλαω

296 1612 447 1685 quam
479 1626 566 1668 ελω
588 1635 677 1683 pro
700 1627 847 1668 ελασω
872 1633 1124 1682 usurpare.
1196 1617 1254 1666 Id
1277 1617 1407 1683 quod
1437 1625 1747 1681 nequaquam

298 1703 468 1744 'verum
490 1701 591 1762 vest.
665 1695 764 1743 Aut
795 1694 950 1761 'igitur
984 1695 1162 1743 erravit
1198 1694 1457 1761 Magister,
1498 1699 1584 1741 aut
1605 1693 1748 1741 aliter

302 1774 509 1838 scriPsit.
595 1773 747 1821 Istum
793 1779 956 1820 autem
1001 1773 1052 1820 in
1098 1773 1293 1820 modum
1340 1778 1474 1819 recte
1518 1770 1750 1834 procedet

300 1849 468 1897 locus:
507 1852 546 1896 οὶ
581 1846 627 1895 δε
665 1854 851 1897 Art-Tucca
889 1855 976 1895 ελω
1008 1869 1108 1894 αντι
1141 1869 1223 1897 του
1246 1847 1463 1895 duacum.
1532 1845 1597 1893 Αἳ
1619 1845 1750 1894 enim

300 1924 365 1973 de
378 1919 625 1988 praesente
652 1939 745 1986 pro
766 1923 950 1989 futuro
975 1922 1055 1971 vir
1085 1922 1398 1971 doctissimus
1431 1922 1565 1971 hunc
1590 1923 1659 1970 ad
1681 1923 1749 1970 lo-

306 2015 418 2047 cum
457 1996 553 2046 ουδε
586 2020 692 2062 Ὑρυ.
765 1998 936 2045 Recte.
1009 1998 1161 2061 Atqui
1201 2015 1260 2046 ea
1299 2005 1462 2047 mente
1502 1997 1751 2062 scripsisse

308 2081 499 2123 constat
544 2091 605 2122 ex
648 2073 705 2121 iis
752 2089 862 2137 quae
902 2074 1022 2121 dixit
1063 2075 1126 2122 ad
1170 2091 1284 2141 pag.
1310 2085 1365 2124 53
1393 2073 1604 2142 [=51.].
1675 2071 1753 2122 Ibi

293 2153 479 2216 utique
504 2153 646 2200 docet
667 2151 871 2220 verbum*
893 2167 1108 2215 praesens
1143 2154 1482 2218 συναγειρεσθαι
1515 2149 1750 2215 temporis

297 2229 463 2282 futuri.
477 2227 881 2294 significationem
907 2227 1104 2286 habere,
1129 2228 1386 2292 ipsumque
1402 2229 1551 2288 hunc,
1575 2229 1626 2278 in
1651 2243 1751 2292 quo

294 2400 302 2404 ·
363 2408 388 2451 †
417 2405 525 2444 conf.
540 2418 575 2455 p.
590 2380 678 2450 109.
693 2404 1001 2454 l.u1t.etp.110.
1115 2404 1175 2444 16.
1204 2411 1226 2429 ιι
1243 2406 1400 2446 Suidas:
1446 2408 1553 2447 ἐλῶν.
1601 2405 1752 2446 ἐλάσας.

293 2464 335 2508 ’1.
359 2475 393 2508 1.
450 2469 546 2506 Mox
564 2468 725 2506 recidiva
743 2468 910 2506 mallem.
1054 2468 1280 2525 Ἡρόδοτος.
1322 2471 1434 2523 Lege,
1457 2473 1564 2520 ἐλῶ.
1591 2453 1751 2511 ε’λαζτων.

324 2529 336 2541 ’
369 2538 431 2572 15.
473 2533 533 2572 Ne
552 2534 662 2571 nimis
681 2534 845 2572 curiosus
869 2538 906 2570 et
921 2531 1003 2571 val·
1058 2534 1179 2573 Piers.
1197 2536 1246 2573 ad
1265 2535 1375 2574 Moer.
1395 2549 1430 2586 p.
1454 2533 1540 2574 146.
1571 2533 1750 2590 Herodot.

293 2599 356 2638 'de
373 2600 621 2648 intemperans
640 2603 740 2644 esto;
769 2597 1006 2636 mordacissi-
1059 2611 1125 2647 rx,
1150 2605 1213 2646 89.

290 2654 420 2701 'mum
436 2662 591 2708 dictum,
607 2661 703 2712 quod
715 2666 864 2711 tangere
876 2661 1005 2699 nolim.
1118 2670 1180 2710 17.
1223 2662 1326 2712 Huic,
1358 2663 1604 2704 emendationi
1642 2676 1752 2703 suum

316 2726 484 2765 Editoris
517 2731 571 2764 est
600 2739 671 2763 non
703 2739 745 2763 ea
775 2725 891 2773 modo,
927 2736 1006 2776 quoe
1042 2719 1249 2768 'calculum
1279 2729 1414 2780 adjecit
1442 2726 1496 2766 D.
1517 2727 1565 2766 R·
1597 2728 1646 2767 ad
1678 2725 1755 2767 He-

315 2792 440 2838 sciret,
458 2791 638 2841 prqfiter'i,
656 2789 720 2827 sec!
733 2803 774 2828 ea
789 2790 912 2836 etiam,
928 2802 1006 2842 quae
1063 2793 1236 2844 sychium
1255 2805 1292 2831 v.
1310 2791 1422 2850 ’1⁴:7³3-

316 2857 486 2902 nesciret,
515 2855 693 2905 confiteri.
