1864 3132
881 201 980 249 371

212 306 480 356 orationem
504 295 961 371 duntaxatspectes,
983 306 1272 370 procliviter,
1307 305 1495 370 opinor,
1530 304 1652 352 fate-

213 385 359 434 beris.
431 386 614 434 Eadem
656 383 805 432 verba
846 401 945 432 non
991 385 1149 433 minus
1200 384 1451 433 commode
1494 381 1651 448 digeri

212 470 446 527 poterunt

415 554 562 599 *vat
595 548 643 599 δε
675 547 922 608 πεντήκοντ’
954 573 1048 614 ε’γω
1080 560 1237 609 μπολω
1271 548 1532 616 ὃραχμων-35
1691 569 1787 608 204

212 651 254 687 4.
292 638 429 703 Lege
453 634 583 702 Υδωρ
610 635 720 702 ὕδωρ
750 660 796 686 εν
826 633 1154 685 ΧῩΤΡΙΔΙΩΙ36
1183 641 1450 702 θερμαινετε.

213 727 358 787 Quod
400 726 528 775 enim
565 726 633 775 ibi
671 725 821 791 vulgo
857 726 1115 774 exhibetur
1153 749 1321 791 χυτριῳ
1361 742 1459 773 non
1500 723 1653 772 solum

211 803 415 866 primam
441 809 611 851 contra
631 803 762 851 vocis
786 825 935 869 χυτρα
961 803 1281 868 quantitatem
1306 801 1544 866 producit,
1568 799 1655 848 sed

212 879 330 926 illud
360 880 560 943 insuper
597 879 891 928 incommodi
928 880 979 927 in
1019 896 1071 927 se
1111 879 1273 937 habet,
1311 881 1442 943 quod
1464 895 1559 927 vox
1594 877 1654 925 sit

215 956 365 1004 nihili.
389 1002 394 1005 .
439 959 503 1006 At
526 956 752 1023 χυτριδιον
780 958 954 1022 Saepius
976 958 1185 1023 legitur:

286 1047 296 1071 ¹
329 1052 417 1098 Δος
444 1070 519 1102 μοι
549 1057 861 1095 ΧΥΤΡΙΔΙΟΝ
890 1047 1161 1110 σποὙὙιῳ37
1191 1047 1492 1107 βεβυσμενον.

281 1124 298 1145 ⁹
324 1132 610 1182 ΧΥΤΡΙΔΙΑ,
642 1146 710 1171 και
741 1120 928 1181 σανιδια,
959 1119 1241 1189 κᾳμφοριδια.

218 1212 356 1278 Lege
388 1210 691 1279 καμφορειδια.

280 1301 299 1325 3
324 1305 393 1348 Ta
425 1311 652 1349 ΧΥΤΡΙΔΙ
683 1298 760 1358 ηδη
789 1323 856 1349 και
887 1324 968 1350 τον
998 1308 1140 1367 οχλον
1169 1307 1346 1367 αφιετε.

285 1388 491 1453 Regulae
517 1393 577 1436 Il'.
622 1405 733 1451 quae
765 1379 930 1452 poetis·
964 1391 1108 1437 etiam
1151 1389 1381 1455 Tragicis
1415 1403 1524 1435 cum
1562 1388 1655 1435 Co-

217 1463 410 1511 moediae
440 1463 765 1525 scriptoribus·
794 1464 1061 1510 communis
1102 1470 1190 1521 est,
1230 1464 1280 1510 in
1327 1469 1430 1510 tota
1473 1461 1657 1510 Aristo-

216 1541 389 1605 phanis
429 1539 724 1604 supellectile
764 1540 861 1586 duo
900 1540 1138 1587 duntaxat
1180 1540 1288 1587 loca
1324 1540 1655 1588 adversantur.

219 1617 401 1665 Eorum
425 1617 558 1680 prior
582 1616 706 1681 Equ.
733 1622 829 1668 764.
861 1617 930 1663 sic
954 1624 1357 1680 repraesentatur:

287 1711 341 1754 E.
379 1704 425 1752 δε
459 1728 512 1754 σε
551 1728 663 1761 μισω
698 1728 768 1753 και
803 1728 864 1762 μη
899 1728 999 1770 περι
1034 1727 1114 1753 σου
1148 1727 1349 1770 μαχομαι
1382 1727 1506 1762 novos·
1536 1725 1658 1752 αντι-

417 1783 673 1843 βὲβληκως.

220 1870 569 1919 Percommode
587 1871 782 1934 quidem
807 1872 998 1930 accidit,
1020 1872 1151 1935 quod
1168 1871 1303 1920 verbi
1325 1871 1660 1932 αντιβεβληκως

219 1954 316 1995 tam
343 1948 472 1997 nude
495 1948 681 2012 absque
705 1948 983 1997 accusativo
1016 1948 1159 2012 positi
1183 1964 1351 2006 sensus
1373 1947 1532 1994 nullus
1555 1961 1660 1995 esse

370 2051 385 2075 ¹
406 2054 515 2098 Ach.
537 2057 639 2099 462.
789 2052 805 2073 ⁵²
823 2055 925 2098 Pae.
955 2060 1054 2101 201.
1189 2049 1207 2075 3
1231 2053 1348 2097 Eccl.
1374 2060 1473 2102 740.

266 2165 331 2199 35.
352 2161 421 2199 νυνὶ
433 2161 473 2201 δὲ
482 2154 723 2208 πεντήκοντα
735 2162 916 2216 δραχμῶν
970 2160 1185 2212 Reisigius;
1233 2161 1328 2198 conf.
1349 2161 1475 2198 Elmsl.
1495 2159 1543 2197 ad
1563 2159 1662 2197 Ach-

222 2225 305 2264 αὕτ’
332 2225 488 2273 ε’μπολῶ
521 2227 560 2275 (i.
579 2239 611 2264 e.
652 2228 706 2264 ‘ra‘
737 2227 916 2280 δρέπανα)
969 2239 1008 2278 p.
1038 2231 1126 2265 120.
1174 2226 1290 2276 Vesp.
1319 2224 1411 2270 689.
1457 2226 1593 2263 Ἀυτός
1626 2224 1665 2261 δὲ

223 2290 380 2340 conjecit
399 2288 607 2328 Brunclcius
620 2306 635 2334 ;
669 2290 782 2329 πάντ’
799 2293 916 2340 ἐμπο-
970 2291 1075 2343 φέρει
1106 2291 1164 2328 ’τὸ
1199 2290 1450 2343 συνηγορικὸν,
1474 2289 1664 2347 Ι(δραχμήν

224 2355 277 2391 λῶ
297 2351 500 2403 Reisigius,
517 2365 555 2402 p.
577 2358 665 2392 112.
683 2354 784 2392 Plut.
800 2359 916 2399 1019.
971 2354 1038 2392 κᾶν
1056 2355 1215 2407 ὕστερος
1234 2354 1336 2409 ἔλθῃ,
1365 2354 1456 2392 latet
1473 2353 1591 2391 ulcus.

224 2415 374 2455 Ὁπότε
405 2415 636 2470 προτείνοιέν
664 2433 709 2467 γε
742 2418 917 2473 δραχμάς
1016 2418 1081 2457 36.
1100 2421 1271 2473 χρυτρὶιρ
1283 2418 1446 2456 edd.t1·es
1459 2417 1662 2468 primariae3

225 2484 373 2521 εἴκοσιν.
404 2485 640 2535 προτείνειαν
658 2483 739 2521 cod.
760 2486 917 2522 membr.
971 2487 994 2505 “
1013 2482 1190 2535 χυτρίδια
1210 2494 1277 2531 pro
1296 2480 1454 2535 χυτρῖδε
1473 2481 1664 2519 restituen-

227 2546 325 2595 apud
351 2545 429 2593 Βῆ,
459 2547 687 2599 προτείνειεν
706 2546 793 2584 MS.
825 2546 918 2584 alter
971 2546 1061 2582 dum
1098 2545 1245 2583 Platoni
1279 2545 1377 2594 apud
1413 2545 1554 2583 Athen.
1582 2555 1663 2580 vn.

229 2611 326 2660 apud
349 2611 526 2657 eundem;
565 2611 660 2648 unde
690 2613 919 2665 ’προτείνειαν
974 2613 1010 2647 5.
1057 2622 1093 2658 p.
1130 2613 1221 2655 279.
1270 2610 1347 2648 C.''
1394 2609 1444 2648 R.
1474 2610 1520 2648 P.
1566 2608 1663 2658 apud

230 2673 340 2728 τάχα
349 2674 546 2728 Bp.temere
554 2674 919 2715 substituit.Eschol.
975 2672 1022 2710 P.
1043 2672 1092 2710 P.
1112 2671 1167 2710 D.

233 2737 454 2785 νομίσμασιν
470 2739 508 2776 in
527 2738 622 2776 Cod.
644 2738 804 2776 Dorvill.
825 2756 920 2791 προ·
1028 2741 1091 2782 37.
1134 2739 1306 2791 σφογγίῳ
1349 2738 1430 2776 edd.
1476 2743 1550 2774 tres
1595 2735 1666 2785 pri-

233 2798 380 2839 τεινειέν
394 2816 438 2849 ⁴⁷⁶
456 2800 684 2856 δραχμαῖσιν
702 2802 745 2838 εἴ.
764 2801 922 2839 tentavit
975 2802 1116 2850 marite,
1143 2808 1181 2841 et
1198 2803 1289 2840 Bas.
1305 2807 1342 2841 2.
1367 2802 1538 2854 σπογγῖῳ
1557 2799 1664 2840 R.B.

1286 2869 1309 2903 3
1328 2877 1350 2904 c
