1864 3132
770 258 976 325 (v)

294 371 514 423 Εσσεται,
545 385 572 420 η
601 367 835 428 φιλοτητα
869 382 958 414 μετ
988 365 1281 426 αμφοτεροισι
1299 369 1491 409 ΤῙΘΗΣΙ

296 451 416 503 Ζευς,
445 443 551 495 59⁴¹·
579 439 863 505 «ΙνθριινττωνΠ
892 458 1050 494 ταμιης·
1072 444 1284 494 πολεμοιο
1309 458 1540 495 ferum-ou,

160 590 218 622 ea
240 579 313 622 est
336 567 514 620 indoles
543 576 603 618 ut
635 568 832 619 verbum
860 571 1027 626 τιθησι,
1068 567 1144 615 uti
1173 565 1287 615 olim
1304 565 1421 614 mihi
1441 565 1595 614 visum

159 657 247 710 est,
271 648 456 716 futuri
493 648 591 696 loco
628 653 908 711 usurpetur.
982 643 1130 693 Valet
1163 645 1331 710 utique
1362 651 1594 710 φιλοτητα

157 731 308 786 τιθησι
332 726 458 794 quod
481 725 688 790 Angliee
712 725 911 772 dicimus
928 723 966 771 is
991 723 1216 788 bringing
1231 725 1374 771 about
1391 741 1419 770 a
1436 738 1592 787 peace.

161 805 314 855 Hune
350 811 513 854 autem
535 804 906 872 qualemcunque
941 820 1152 851 errorem
1174 820 1279 851 cum
1301 803 1598 851 eruditorum

154 882 497 947 plerorumque
528 881 737 929 omnium
759 880 1008 939 doctrinoe,
1047 887 1152 929 tum
1172 881 1418 944 praecipue
1440 880 1597 946 cujus-

161 961 274 1011 dam
314 961 599 1010 auctoritati
636 966 880 1024 acceptum
919 958 1096 1026 refero,
1141 976 1172 1007 a
1208 977 1299 1026 quo
1335 959 1601 1025 hujusmodi

162 1037 374 1104 aliosque
404 1036 534 1084 haud
557 1052 741 1100 paucos
781 1035 1100 1084 barbarismos
1137 1035 1492 1101 elegantiarum
1515 1053 1598 1083 no-

161 1115 287 1183 mq'ne
305 1115 542 1179 insignire
561 1114 835 1163 didiceram.
905 1114 1135 1179 Septimo,
1160 1123 1335 1171 μαλλον
1353 1138 1406 1163 αν
1429 1138 1602 1173 εσοιμηυ

161 1191 337 1241 locutio
374 1199 447 1240 est
482 1189 670 1239 Graecis
702 1191 888 1257 ignota.
961 1191 1204 1240 Futurum
1226 1193 1393 1258 utique
1412 1190 1603 1258 jbrmoe

161 1270 393 1334 optativoe
416 1269 561 1317 nihilo
587 1271 767 1318 rectius
790 1286 896 1318 cum
924 1269 1176 1335 particula
1198 1294 1250 1319 αν
1273 1269 1601 1336 conjungitur,

162 1364 308 1414 quam
353 1348 543 1412 optanti
590 1348 845 1395 tribuitur.
914 1347 1016 1395 Adi
1047 1352 1208 1396 autem
1240 1347 1308 1395 sis
1340 1364 1460 1413 pag.
1492 1354 1600 1402 103.

168 1421 343 1474 Vocem
358 1441 508 1487 porro
530 1423 648 1486 ᾳδης,
674 1424 969 1488 (accuratius
993 1422 1110 1486 ᾳδης,
1136 1442 1247 1472 nam
1274 1424 1414 1471 Iones
1440 1418 1606 1471 dicunt

165 1498 344 1562 awaSnc)
366 1516 476 1564 quae
499 1501 658 1548 locum
675 1501 751 1548 liic
770 1508 946 1566 quater
963 1500 1175 1558 denotat,
1194 1517 1451 1564 perperam
1465 1500 1608 1548 toties

165 1574 383 1625 adhiberi
400 1592 495 1635 non
519 1576 634 1641 jam
660 1575 718 1624 de
742 1576 894 1640 plano
913 1592 1126 1623 assevero
1144 1596 1160 1629 ,·
1195 1576 1250 1623 id
1271 1593 1380 1625 vero
1403 1593 1435 1623 a
1453 1576 1607 1639 scrip-

168 1659 328 1719 torum
359 1671 472 1702 vere
511 1652 795 1702 Groecorum
831 1653 1019 1701 nemine
1046 1670 1256 1719 unquam
1268 1652 1474 1720 factum
1511 1670 1609 1702 esse

165 1731 284 1780 mihi
294 1747 579 1795 persuasum
599 1738 686 1780 est.
725 1730 861 1779 Illud
873 1730 1072 1795 denique
1086 1747 1180 1778 non
1195 1731 1432 1780 immerito
1446 1749 1608 1796 repre-

164 1808 401 1868 henderis,
431 1809 558 1876 quod
575 1808 718 1857 verba
743 1809 818 1857 hic
842 1815 1103 1856 occurrant
1126 1808 1401 1873 analogiam
1418 1809 1610 1873 parti-m

165 1886 388 1936 Atticam
414 1887 604 1951 partim
627 1886 841 1934 Ionicum
878 1883 1161 1952 referentia.
1233 1885 1467 1934 Diversus
1507 1886 1608 1934 uti-

169 1981 260 2032 que
272 1962 482 2013 Groeciae
494 1964 722 2013 dialectos
733 1964 965 2012 neminem
972 1980 1185 2030 unquam
1196 1964 1323 2012 serio
1340 1963 1610 2032 confudisse

169 2042 471 2099 crediderim,
511 2043 605 2090 nisi
642 2042 725 2109 qui
766 2041 953 2089 nullam
985 2049 1210 2090 accurate
1243 2042 1554 2092 intellexerit.
1570 2045 1608 2071 ¹²

174 2118 324 2185 Cujus
361 2119 434 2167 rei
468 2125 754 2193 argumento
793 2125 866 2168 est
913 2117 1039 2185 quod
1070 2119 1201 2184 apud
1233 2120 1610 2185 Aristophanem

171 2195 354 2262 legitur
376 2195 500 2244 Pac.
527 2204 643 2256 928.

171 2356 242 2390 aut
260 2363 338 2389 non
363 2350 554 2390 Divinare
582 2352 678 2391 mila·
705 2365 869 2405 magnus
920 2352 1045 2391 scenti
1088 2351 1298 2403 placuisse,
1345 2359 1391 2393 ut
1437 2360 1552 2406 patet
1587 2368 1611 2395 e

171 2413 332 2453 donavit
353 2413 513 2463 Apollo.
563 2414 684 2454 Ovid.
711 2415 812 2454 Met.
834 2415 866 2453 Ι.
921 2415 1112 2456 Praelect.
1152 2415 1373 2468 Boyleiana
1408 2418 1484 2458 111.
1520 2425 1609 2459 104.

172 2482 266 2524 391.
323 2478 407 2515 Aut
426 2475 559 2520 fallax,
580 2474 650 2522 a'rt,
672 2483 734 2516 est
751 2478 868 2517 soler·
1006 2487 1066 2519 11.
1095 2480 1189 2519 Νοιι
1226 2481 1390 2532 placent
1420 2482 1503 2522 duo
1552 2483 1611 2522 illi

173 2541 231 2580 tia
245 2540 373 2587 nobis,
394 2543 475 2579 Aut
490 2540 558 2591 pia
572 2547 676 2587 sunt,
698 2543 869 2581 nullum·
920 2543 1099 2596 genitivi.
1121 2545 1232 2583 Unus
1253 2545 1503 2594 Hmleianus,
1525 2547 1613 2586 Ζειῖς

175 2619 254 2657 que
310 2605 419 2644 nefas
473 2605 637 2643 oracula
682 2606 867 2646 suadent.
922 2607 1009 2645 ὅστ’
1045 2607 1425 2660 &opime-atque
1471 2608 1610 2649 eadem

176 2669 407 2708 Meminisse
427 2669 528 2708 libet
556 2668 758 2710 Torrentii
786 2684 871 2710 ver·
921 2671 1091 2710 varietas
1118 2672 1165 2710 11.
1184 2671 1234 2710 T.
1257 2677 1348 2712 224.
1367 2673 1418 2712 R.
1439 2674 1485 2714 Β.

176 2732 273 2774 bum
318 2735 404 2775 dico
443 2734 694 2775 BENTLmo
737 2734 872 2775 adole·
1008 2740 1071 2776 12.
1099 2734 1287 2788 Append.
1305 2748 1347 2787 p.
1370 2734 1432 2776 16.
