<?xml version="1.0" encoding="UTF-8"?>
<!DOCTYPE html PUBLIC "-//W3C//DTD XHTML 1.0 Transitional//EN"
    "http://www.w3.org/TR/xhtml1/DTD/xhtml1-transitional.dtd">
<html xmlns="http://www.w3.org/1999/xhtml" xml:lang="en" lang="en">
 <head>
  <title>
</title>
<meta http-equiv="Content-Type" content="text/html;charset=utf-8" />
  <meta name='ocr-system' content='tesseract 3.04.00' />
  <meta name='ocr-capabilities' content='ocr_page ocr_carea ocr_par ocr_line ocrx_word'/>
</head>
<body>
  <div class='ocr_page' id='page_1' title='image "./miscellaneacriti00daweuoft_0223.png"; bbox 0 0 1864 3132; ppageno 0'>
   <div class='ocr_carea' id='block_1_1' title="bbox 850 187 947 240">
    <p class='ocr_par' dir='ltr' id='par_1_1' title="bbox 850 187 947 240">
     <span class='ocr_line' id='line_1_1' title="bbox 850 187 947 240; baseline 0 -1"><span class='ocrx_word' id='word_1_1' title='bbox 850 187 947 240; x_wconf 77' lang='lat'>151</span> 
     </span>
    </p>
   </div>
   <div class='ocr_carea' id='block_1_2' title="bbox 183 284 1613 364">
    <p class='ocr_par' dir='ltr' id='par_1_2' title="bbox 183 284 1613 364">
     <span class='ocr_line' id='line_1_2' title="bbox 183 284 1613 364; baseline -0.009 -13"><span class='ocrx_word' id='word_1_2' title='bbox 183 299 346 364; x_wconf 86' lang='lat' dir='ltr'><strong>Atque</strong></span> <span class='ocrx_word' id='word_1_3' title='bbox 385 299 513 348; x_wconf 84' lang='lat' dir='ltr'>hanc</span> <span class='ocrx_word' id='word_1_4' title='bbox 551 297 748 362; x_wconf 90' lang='lat' dir='ltr'>quidem</span> <span class='ocrx_word' id='word_1_5' title='bbox 785 284 1045 360; x_wconf 82' lang='lat' dir='ltr'>lectionem</span> <span class='ocrx_word' id='word_1_6' title='bbox 1087 294 1135 342; x_wconf 90' lang='lat' dir='ltr'>in</span> <span class='ocrx_word' id='word_1_7' title='bbox 1177 291 1287 345; x_wconf 87' lang='lat' dir='ltr'>MS.</span> <span class='ocrx_word' id='word_1_8' title='bbox 1314 290 1487 361; x_wconf 81' lang='lat' dir='ltr'>Baroc.</span> <span class='ocrx_word' id='word_1_9' title='bbox 1524 289 1613 340; x_wconf 67' lang='grc' dir='ltr'>ΝΟ.</span> 
     </span>
    </p>
   </div>
   <div class='ocr_carea' id='block_1_3' title="bbox 188 370 1111 439">
    <p class='ocr_par' dir='ltr' id='par_1_3' title="bbox 188 370 1111 439">
     <span class='ocr_line' id='line_1_3' title="bbox 188 370 1111 439; baseline -0.007 -15"><span class='ocrx_word' id='word_1_10' title='bbox 188 388 282 428; x_wconf 71' lang='lat'><strong>127.</strong></span> <span class='ocrx_word' id='word_1_11' title='bbox 343 371 683 439; x_wconf 81' lang='lat' dir='ltr'>repraesentari</span> <span class='ocrx_word' id='word_1_12' title='bbox 706 387 866 435; x_wconf 82' lang='lat' dir='ltr'>nuper</span> <span class='ocrx_word' id='word_1_13' title='bbox 888 370 1111 437; x_wconf 85' lang='lat' dir='ltr'>cognovi.</span> 
     </span>
    </p>
   </div>
   <div class='ocr_carea' id='block_1_4' title="bbox 1194 368 1616 419">
    <p class='ocr_par' dir='ltr' id='par_1_4' title="bbox 1194 368 1616 419">
     <span class='ocr_line' id='line_1_4' title="bbox 1194 368 1616 419; baseline 0 -2"><span class='ocrx_word' id='word_1_14' title='bbox 1194 369 1438 419; x_wconf 84' lang='lat' dir='ltr'>Caeterum</span> <span class='ocrx_word' id='word_1_15' title='bbox 1461 368 1616 417; x_wconf 89' lang='lat' dir='ltr'>virum</span> 
     </span>
    </p>
   </div>
   <div class='ocr_carea' id='block_1_5' title="bbox 182 445 1617 674">
    <p class='ocr_par' dir='ltr' id='par_1_5' title="bbox 182 445 1617 674">
     <span class='ocr_line' id='line_1_5' title="bbox 182 445 1617 516; baseline -0.005 -17"><span class='ocrx_word' id='word_1_16' title='bbox 182 452 256 499; x_wconf 90' lang='lat' dir='ltr'>Cl.</span> <span class='ocrx_word' id='word_1_17' title='bbox 283 452 414 516; x_wconf 91' lang='lat' dir='ltr'>quod</span> <span class='ocrx_word' id='word_1_18' title='bbox 434 450 626 509; x_wconf 66' lang='lat' dir='ltr'>attinet,</span> <span class='ocrx_word' id='word_1_19' title='bbox 643 448 787 512; x_wconf 82' lang='lat' dir='ltr'>plura</span> <span class='ocrx_word' id='word_1_20' title='bbox 807 449 869 496; x_wconf 90' lang='lat' dir='ltr'>de</span> <span class='ocrx_word' id='word_1_21' title='bbox 893 463 952 495; x_wconf 93' lang='lat' dir='ltr'>eo</span> <span class='ocrx_word' id='word_1_22' title='bbox 976 447 1167 495; x_wconf 87' lang='lat' dir='ltr'>dicendi</span> <span class='ocrx_word' id='word_1_23' title='bbox 1190 446 1331 494; x_wconf 84' lang='lat' dir='ltr'>aliam</span> <span class='ocrx_word' id='word_1_24' title='bbox 1355 445 1617 511; x_wconf 77' lang='lat' dir='ltr'>aliquando</span> 
     </span>
     <span class='ocr_line' id='line_1_6' title="bbox 183 523 1616 590; baseline -0.004 -15"><span class='ocrx_word' id='word_1_25' title='bbox 183 528 487 575; x_wconf 85' lang='lat' dir='ltr'>occasionem</span> <span class='ocrx_word' id='word_1_26' title='bbox 522 524 906 590; x_wconf 80' lang='lat' dir='ltr'>suppeditabunt</span> <span class='ocrx_word' id='word_1_27' title='bbox 939 524 1090 588; x_wconf 83' lang='lat' dir='ltr'>ipsius</span> <span class='ocrx_word' id='word_1_28' title='bbox 1131 524 1182 570; x_wconf 92' lang='lat' dir='ltr'>in</span> <span class='ocrx_word' id='word_1_29' title='bbox 1223 523 1616 587; x_wconf 83' lang='lat' dir='ltr'><strong>Aristophanem,</strong></span> 
     </span>
     <span class='ocr_line' id='line_1_7' title="bbox 184 599 1367 674; baseline -0.005 -22"><span class='ocrx_word' id='word_1_30' title='bbox 184 603 512 652; x_wconf 85' lang='lat' dir='ltr'>Menandrum</span> <span class='ocrx_word' id='word_1_31' title='bbox 537 609 587 650; x_wconf 90' lang='lat' dir='ltr'>et</span> <span class='ocrx_word' id='word_1_32' title='bbox 610 601 898 650; x_wconf 79' lang='lat' dir='ltr'>Philemona</span> <span class='ocrx_word' id='word_1_33' title='bbox 920 599 1300 674; x_wconf 77' lang='lat' dir='ltr'>Emendationes</span> <span class='ocrx_word' id='word_1_34' title='bbox 1313 599 1367 647; x_wconf 83' lang='lat'>⁵¹.</span> 
     </span>
    </p>
   </div>
   <div class='ocr_carea' id='block_1_6' title="bbox 213 707 1617 774">
    <p class='ocr_par' dir='ltr' id='par_1_6' title="bbox 213 707 1617 774">
     <span class='ocr_line' id='line_1_8' title="bbox 213 707 1617 774; baseline -0.002 -15"><span class='ocrx_word' id='word_1_35' title='bbox 213 759 217 761; x_wconf 9' lang='lat' dir='ltr'>i</span> <span class='ocrx_word' id='word_1_36' title='bbox 248 710 440 758; x_wconf 86' lang='lat' dir='ltr'><strong>Erravit</strong></span> <span class='ocrx_word' id='word_1_37' title='bbox 473 726 621 774; x_wconf 87' lang='lat' dir='ltr'>porro</span> <span class='ocrx_word' id='word_1_38' title='bbox 656 711 813 758; x_wconf 83' lang='lat' dir='ltr'><strong>editor</strong></span> <span class='ocrx_word' id='word_1_39' title='bbox 847 709 1063 757; x_wconf 83' lang='lat' dir='ltr'>eruditus</span> <span class='ocrx_word' id='word_1_40' title='bbox 1088 710 1148 756; x_wconf 92' lang='lat' dir='ltr'>de</span> <span class='ocrx_word' id='word_1_41' title='bbox 1172 708 1404 774; x_wconf 86' lang='lat' dir='ltr'>syllabica</span> <span class='ocrx_word' id='word_1_42' title='bbox 1427 707 1617 774; x_wconf 82' lang='lat' dir='ltr'>quanti-</span> 
     </span>
    </p>
   </div>
   <div class='ocr_carea' id='block_1_7' title="bbox 181 789 755 852">
    <p class='ocr_par' dir='ltr' id='par_1_7' title="bbox 181 789 755 852">
     <span class='ocr_line' id='line_1_9' title="bbox 181 789 755 852; baseline -0.002 -15"><span class='ocrx_word' id='word_1_43' title='bbox 181 795 281 837; x_wconf 84' lang='lat' dir='ltr'><strong>tate</strong></span> <span class='ocrx_word' id='word_1_44' title='bbox 304 789 434 837; x_wconf 86' lang='lat' dir='ltr'>vocis</span> <span class='ocrx_word' id='word_1_45' title='bbox 449 789 755 852; x_wconf 76' lang='lat' dir='ltr'>paracletus.</span> 
     </span>
    </p>
   </div>
   <div class='ocr_carea' id='block_1_8' title="bbox 828 787 1596 852">
    <p class='ocr_par' dir='ltr' id='par_1_8' title="bbox 828 787 1596 852">
     <span class='ocr_line' id='line_1_10' title="bbox 828 787 1596 852; baseline -0.003 -16"><span class='ocrx_word' id='word_1_46' title='bbox 828 787 1006 836; x_wconf 86' lang='lat' dir='ltr'>Monet</span> <span class='ocrx_word' id='word_1_47' title='bbox 1028 787 1200 850; x_wconf 86' lang='lat' dir='ltr'>utique</span> <span class='ocrx_word' id='word_1_48' title='bbox 1229 810 1421 852; x_wconf 81' lang='grc' dir='ltr'>αμετρου</span> <span class='ocrx_word' id='word_1_49' title='bbox 1443 787 1596 844; x_wconf 85' lang='lat' dir='ltr'>istius,</span> 
     </span>
    </p>
   </div>
   <div class='ocr_carea' id='block_1_9' title="bbox 355 872 1406 949">
    <p class='ocr_par' dir='ltr' id='par_1_9' title="bbox 355 872 1406 949">
     <span class='ocr_line' id='line_1_11' title="bbox 355 872 1406 949; baseline 0.002 -24"><span class='ocrx_word' id='word_1_50' title='bbox 355 872 358 877; x_wconf 82' lang='grc'><strong>’</strong></span> <span class='ocrx_word' id='word_1_51' title='bbox 387 875 557 949; x_wconf 71' lang='lat' dir='ltr'>Spirat</span> <span class='ocrx_word' id='word_1_52' title='bbox 586 878 645 927; x_wconf 85' lang='lat' dir='ltr'>de</span> <span class='ocrx_word' id='word_1_53' title='bbox 666 876 834 941; x_wconf 83' lang='lat' dir='ltr'>patrio</span> <span class='ocrx_word' id='word_1_54' title='bbox 863 877 1009 927; x_wconf 83' lang='lat' dir='ltr'>corde</span> <span class='ocrx_word' id='word_1_55' title='bbox 1041 877 1339 941; x_wconf 85' lang='lat' dir='ltr'>paracletum</span> <span class='ocrx_word' id='word_1_56' title='bbox 1353 877 1406 934; x_wconf 76' lang='lat'>⁵²,</span> 
     </span>
    </p>
   </div>
   <div class='ocr_carea' id='block_1_10' title="bbox 237 1035 873 1095">
    <p class='ocr_par' dir='ltr' id='par_1_10' title="bbox 237 1035 873 1095">
     <span class='ocr_line' id='line_1_12' title="bbox 237 1035 873 1095; baseline -0.003 -11"><span class='ocrx_word' id='word_1_57' title='bbox 237 1048 302 1084; x_wconf 81' lang='lat'>51.</span> <span class='ocrx_word' id='word_1_58' title='bbox 344 1044 441 1082; x_wconf 82' lang='lat' dir='ltr'>vide</span> <span class='ocrx_word' id='word_1_59' title='bbox 482 1035 654 1095; x_wconf 69' lang='lat' dir='ltr'>Append.</span> <span class='ocrx_word' id='word_1_60' title='bbox 697 1058 733 1095; x_wconf 86' lang='lat' dir='ltr'>p.</span> <span class='ocrx_word' id='word_1_61' title='bbox 761 1049 827 1083; x_wconf 85' lang='lat'>21.</span> <span class='ocrx_word' id='word_1_62' title='bbox 851 1043 873 1066; x_wconf 79' lang='lat'><em>*</em></span> 
     </span>
    </p>
   </div>
   <div class='ocr_carea' id='block_1_11' title="bbox 983 1043 1622 1093">
    <p class='ocr_par' dir='ltr' id='par_1_11' title="bbox 983 1043 1622 1093">
     <span class='ocr_line' id='line_1_13' title="bbox 983 1043 1622 1093; baseline 0.005 -11"><span class='ocrx_word' id='word_1_63' title='bbox 983 1048 1048 1083; x_wconf 79' lang='lat'>52.</span> <span class='ocrx_word' id='word_1_64' title='bbox 1078 1044 1268 1083; x_wconf 84' lang='lat' dir='ltr'>Prudentii</span> <span class='ocrx_word' id='word_1_65' title='bbox 1284 1045 1459 1083; x_wconf 83' lang='lat' dir='ltr'>Cathem.</span> <span class='ocrx_word' id='word_1_66' title='bbox 1475 1057 1515 1093; x_wconf 86' lang='lat' dir='ltr'>v,</span> <span class='ocrx_word' id='word_1_67' title='bbox 1533 1043 1622 1085; x_wconf 89' lang='lat'><strong>160.</strong></span> 
     </span>
    </p>
   </div>
   <div class='ocr_carea' id='block_1_12' title="bbox 175 1109 1623 1162">
    <p class='ocr_par' dir='ltr' id='par_1_12' title="bbox 175 1109 1623 1162">
     <span class='ocr_line' id='line_1_14' title="bbox 175 1109 1623 1162; baseline 0 -13"><span class='ocrx_word' id='word_1_68' title='bbox 175 1117 205 1136; x_wconf 67' lang='lat'>⁴⁴</span> <span class='ocrx_word' id='word_1_69' title='bbox 225 1111 457 1150; x_wconf 76' lang='lat' dir='ltr'>Intercidisse</span> <span class='ocrx_word' id='word_1_70' title='bbox 474 1122 562 1148; x_wconf 87' lang='lat' dir='ltr'>vero</span> <span class='ocrx_word' id='word_1_71' title='bbox 577 1109 743 1148; x_wconf 78' lang='lat' dir='ltr'>Dawesii</span> <span class='ocrx_word' id='word_1_72' title='bbox 760 1110 878 1160; x_wconf 88' lang='lat' dir='ltr'>scrip-</span> <span class='ocrx_word' id='word_1_73' title='bbox 923 1109 1149 1162; x_wconf 82' lang='lat' dir='ltr'>paraclitum</span> <span class='ocrx_word' id='word_1_74' title='bbox 1178 1110 1230 1148; x_wconf 87' lang='lat' dir='ltr'>N.</span> <span class='ocrx_word' id='word_1_75' title='bbox 1250 1109 1451 1156; x_wconf 87' lang='lat' dir='ltr'>Heinsius;</span> <span class='ocrx_word' id='word_1_76' title='bbox 1491 1111 1555 1149; x_wconf 86' lang='lat' dir='ltr'>sed</span> <span class='ocrx_word' id='word_1_77' title='bbox 1573 1123 1623 1150; x_wconf 82' lang='lat' dir='ltr'>ex</span> 
     </span>
    </p>
   </div>
   <div class='ocr_carea' id='block_1_13' title="bbox 180 1173 893 2837">
    <p class='ocr_par' dir='ltr' id='par_1_13' title="bbox 180 1173 893 2837">
     <span class='ocr_line' id='line_1_15' title="bbox 182 1173 876 1225; baseline -0.006 -10"><span class='ocrx_word' id='word_1_78' title='bbox 182 1182 236 1222; x_wconf 85' lang='lat' dir='ltr'>ta,</span> <span class='ocrx_word' id='word_1_79' title='bbox 254 1187 337 1225; x_wconf 88' lang='lat' dir='ltr'>quae</span> <span class='ocrx_word' id='word_1_80' title='bbox 351 1173 413 1212; x_wconf 87' lang='lat' dir='ltr'>hic</span> <span class='ocrx_word' id='word_1_81' title='bbox 427 1179 465 1212; x_wconf 83' lang='lat' dir='ltr'>et</span> <span class='ocrx_word' id='word_1_82' title='bbox 477 1173 571 1212; x_wconf 82' lang='lat' dir='ltr'>alias</span> <span class='ocrx_word' id='word_1_83' title='bbox 586 1173 876 1221; x_wconf 84' lang='lat' dir='ltr'>subindicantur,</span> 
     </span>
     <span class='ocr_line' id='line_1_16' title="bbox 180 1238 877 1291; baseline -0.003 -13"><span class='ocrx_word' id='word_1_84' title='bbox 180 1240 442 1291; x_wconf 78' lang='lat' dir='ltr'>(nequicquam</span> <span class='ocrx_word' id='word_1_85' title='bbox 470 1243 568 1276; x_wconf 86' lang='lat' dir='ltr'>certe</span> <span class='ocrx_word' id='word_1_86' title='bbox 596 1238 641 1276; x_wconf 90' lang='lat' dir='ltr'>de</span> <span class='ocrx_word' id='word_1_87' title='bbox 666 1238 712 1276; x_wconf 81' lang='lat' dir='ltr'>iis</span> <span class='ocrx_word' id='word_1_88' title='bbox 735 1240 877 1290; x_wconf 86' lang='lat' dir='ltr'>quaero)</span> 
     </span>
     <span class='ocr_line' id='line_1_17' title="bbox 183 1303 877 1346; baseline -0.004 0"><span class='ocrx_word' id='word_1_89' title='bbox 183 1305 223 1346; x_wconf 83' lang='lat' dir='ltr'>in</span> <span class='ocrx_word' id='word_1_90' title='bbox 258 1304 502 1343; x_wconf 74' lang='lat' dir='ltr'>Menandrum</span> <span class='ocrx_word' id='word_1_91' title='bbox 535 1311 574 1342; x_wconf 84' lang='lat' dir='ltr'>et</span> <span class='ocrx_word' id='word_1_92' title='bbox 607 1303 702 1343; x_wconf 84' lang='lat' dir='ltr'>alios</span> <span class='ocrx_word' id='word_1_93' title='bbox 741 1304 877 1343; x_wconf 78' lang='lat' dir='ltr'>Poetas</span> 
     </span>
     <span class='ocr_line' id='line_1_18' title="bbox 186 1369 879 1415; baseline -0.001 -7"><span class='ocrx_word' id='word_1_94' title='bbox 186 1369 346 1415; x_wconf 80' lang='lat' dir='ltr'>Atticos,</span> <span class='ocrx_word' id='word_1_95' title='bbox 376 1370 543 1409; x_wconf 80' lang='lat' dir='ltr'>maxime</span> <span class='ocrx_word' id='word_1_96' title='bbox 569 1375 627 1408; x_wconf 77' lang='lat' dir='ltr'>est</span> <span class='ocrx_word' id='word_1_97' title='bbox 644 1369 879 1408; x_wconf 68' lang='lat' dir='ltr'>dolendum-’³</span> 
     </span>
     <span class='ocr_line' id='line_1_19' title="bbox 189 1432 878 1482; baseline 0.001 -12"><span class='ocrx_word' id='word_1_98' title='bbox 189 1432 411 1482; x_wconf 65' lang='lat' dir='ltr'>Burgessius</span> <span class='ocrx_word' id='word_1_99' title='bbox 459 1433 507 1470; x_wconf 81' lang='lat' dir='ltr'>ad</span> <span class='ocrx_word' id='word_1_100' title='bbox 541 1433 567 1470; x_wconf 93' lang='lat'>1.</span> <span class='ocrx_word' id='word_1_101' title='bbox 642 1433 747 1472; x_wconf 83' lang='lat' dir='ltr'>Alibi</span> <span class='ocrx_word' id='word_1_102' title='bbox 789 1446 878 1471; x_wconf 87' lang='lat' dir='ltr'>vero</span> 
     </span>
     <span class='ocr_line' id='line_1_20' title="bbox 188 1496 882 1548; baseline -0.001 -13"><span class='ocrx_word' id='word_1_103' title='bbox 188 1497 300 1548; x_wconf 87' lang='lat' dir='ltr'>hujus</span> <span class='ocrx_word' id='word_1_104' title='bbox 321 1496 490 1534; x_wconf 79' lang='lat' dir='ltr'>desiderii</span> <span class='ocrx_word' id='word_1_105' title='bbox 516 1508 672 1542; x_wconf 68' lang='lat' dir='ltr'>⁸causam</span> <span class='ocrx_word' id='word_1_106' title='bbox 689 1498 780 1535; x_wconf 79' lang='lat' dir='ltr'>satis</span> <span class='ocrx_word' id='word_1_107' title='bbox 798 1508 882 1546; x_wconf 85' lang='lat' dir='ltr'>pro-</span> 
     </span>
     <span class='ocr_line' id='line_1_21' title="bbox 191 1560 881 1602; baseline -0.007 0"><span class='ocrx_word' id='word_1_108' title='bbox 191 1562 355 1602; x_wconf 84' lang='lat' dir='ltr'>babilem</span> <span class='ocrx_word' id='word_1_109' title='bbox 374 1562 492 1600; x_wconf 88' lang='lat' dir='ltr'>reddit</span> <span class='ocrx_word' id='word_1_110' title='bbox 508 1561 801 1601; x_wconf 80' lang='lat' dir='ltr'>humanissimus</span> <span class='ocrx_word' id='word_1_111' title='bbox 818 1560 881 1598; x_wconf 88' lang='lat' dir='ltr'>ille</span> 
     </span>
     <span class='ocr_line' id='line_1_22' title="bbox 190 1624 882 1670; baseline -0.006 -4"><span class='ocrx_word' id='word_1_112' title='bbox 190 1626 346 1666; x_wconf 81' lang='lat' dir='ltr'>Editor:</span> <span class='ocrx_word' id='word_1_113' title='bbox 417 1631 441 1649; x_wconf 92' lang='lat'><strong>“</strong></span> <span class='ocrx_word' id='word_1_114' title='bbox 464 1624 647 1670; x_wconf 77' lang='lat' dir='ltr'>Nonnulli</span> <span class='ocrx_word' id='word_1_115' title='bbox 691 1625 755 1663; x_wconf 79' lang='lat' dir='ltr'>alii</span> <span class='ocrx_word' id='word_1_116' title='bbox 798 1624 882 1663; x_wconf 85' lang='lat' dir='ltr'>libri</span> 
     </span>
     <span class='ocr_line' id='line_1_23' title="bbox 190 1689 879 1736; baseline -0.006 -7"><span class='ocrx_word' id='word_1_117' title='bbox 190 1690 311 1729; x_wconf 86' lang='lat' dir='ltr'>MSSi</span> <span class='ocrx_word' id='word_1_118' title='bbox 337 1694 603 1728; x_wconf 79' lang='lat' dir='ltr'>conservantur</span> <span class='ocrx_word' id='word_1_119' title='bbox 620 1689 661 1726; x_wconf 79' lang='lat' dir='ltr'>in</span> <span class='ocrx_word' id='word_1_120' title='bbox 686 1695 879 1736; x_wconf 71' lang='grc' dir='ltr'>κειμηλιοις</span> 
     </span>
     <span class='ocr_line' id='line_1_24' title="bbox 190 1752 882 1808; baseline -0.007 -14"><span class='ocrx_word' id='word_1_121' title='bbox 190 1756 409 1802; x_wconf 68' lang='lat' dir='ltr'>ASKEWH,</span> <span class='ocrx_word' id='word_1_122' title='bbox 452 1770 524 1792; x_wconf 74' lang='grc' dir='ltr'>τον</span> <span class='ocrx_word' id='word_1_123' title='bbox 554 1769 778 1808; x_wconf 54' lang='lat' dir='ltr'>&#39;ganape-rou,</span> <span class='ocrx_word' id='word_1_124' title='bbox 818 1752 882 1805; x_wconf 76' lang='lat' dir='ltr'>qui</span> 
     </span>
     <span class='ocr_line' id='line_1_25' title="bbox 191 1817 882 1868; baseline -0.007 -9"><span class='ocrx_word' id='word_1_125' title='bbox 191 1819 358 1859; x_wconf 81' lang='lat' dir='ltr'>Dawesii</span> <span class='ocrx_word' id='word_1_126' title='bbox 393 1818 591 1858; x_wconf 82' lang='lat' dir='ltr'>librariam·</span> <span class='ocrx_word' id='word_1_127' title='bbox 615 1817 882 1868; x_wconf 83' lang='lat' dir='ltr'>supellectilem</span> 
     </span>
     <span class='ocr_line' id='line_1_26' title="bbox 190 1872 884 1937; baseline 0 -14"><span class='ocrx_word' id='word_1_128' title='bbox 190 1885 308 1937; x_wconf 86' lang='lat' dir='ltr'>pretio</span> <span class='ocrx_word' id='word_1_129' title='bbox 341 1884 529 1922; x_wconf 87' lang='lat' dir='ltr'>redemit.”</span> <span class='ocrx_word' id='word_1_130' title='bbox 589 1872 732 1922; x_wconf 65' lang='lat' dir='ltr'>Pnaer.</span> <span class='ocrx_word' id='word_1_131' title='bbox 760 1883 815 1923; x_wconf 80' lang='lat' dir='ltr'>iv.</span> <span class='ocrx_word' id='word_1_132' title='bbox 828 1904 884 1912; x_wconf 87' lang='lat'>--</span> 
     </span>
     <span class='ocr_line' id='line_1_27' title="bbox 193 1946 884 1999; baseline -0.006 -10"><span class='ocrx_word' id='word_1_133' title='bbox 193 1950 322 1997; x_wconf 76' lang='lat' dir='ltr'>Quam</span> <span class='ocrx_word' id='word_1_134' title='bbox 337 1948 596 1988; x_wconf 77' lang='lat' dir='ltr'>anctoritatem</span> <span class='ocrx_word' id='word_1_135' title='bbox 610 1948 708 1998; x_wconf 85' lang='lat' dir='ltr'>apud</span> <span class='ocrx_word' id='word_1_136' title='bbox 722 1946 884 1999; x_wconf 79' lang='lat' dir='ltr'>aequales</span> 
     </span>
     <span class='ocr_line' id='line_1_28' title="bbox 191 2011 885 2063; baseline -0.003 -11"><span class='ocrx_word' id='word_1_137' title='bbox 191 2012 389 2052; x_wconf 83' lang='lat' dir='ltr'>obtinuerit</span> <span class='ocrx_word' id='word_1_138' title='bbox 402 2011 465 2050; x_wconf 82' lang='lat' dir='ltr'>hic</span> <span class='ocrx_word' id='word_1_139' title='bbox 483 2011 656 2063; x_wconf 85' lang='lat' dir='ltr'>AEschyli</span> <span class='ocrx_word' id='word_1_140' title='bbox 669 2012 885 2061; x_wconf 80' lang='lat' dir='ltr'>pmmissor,</span> 
     </span>
     <span class='ocr_line' id='line_1_29' title="bbox 192 2077 886 2129; baseline -0.003 -11"><span class='ocrx_word' id='word_1_141' title='bbox 192 2078 283 2118; x_wconf 84' lang='lat' dir='ltr'>satis</span> <span class='ocrx_word' id='word_1_142' title='bbox 302 2089 482 2129; x_wconf 82' lang='lat' dir='ltr'>superque</span> <span class='ocrx_word' id='word_1_143' title='bbox 504 2082 631 2127; x_wconf 79' lang='lat' dir='ltr'>patet:</span> <span class='ocrx_word' id='word_1_144' title='bbox 673 2082 696 2101; x_wconf 88' lang='lat'><strong>“</strong></span> <span class='ocrx_word' id='word_1_145' title='bbox 714 2077 751 2115; x_wconf 85' lang='lat' dir='ltr'>Is</span> <span class='ocrx_word' id='word_1_146' title='bbox 777 2089 886 2127; x_wconf 83' lang='lat' dir='ltr'>porro</span> 
     </span>
     <span class='ocr_line' id='line_1_30' title="bbox 193 2143 886 2195; baseline -0.003 -13"><span class='ocrx_word' id='word_1_147' title='bbox 193 2145 408 2195; x_wconf 70' lang='lat' dir='ltr'>[Asxnus]</span> <span class='ocrx_word' id='word_1_148' title='bbox 433 2155 484 2181; x_wconf 75' lang='lat' dir='ltr'>an</span> <span class='ocrx_word' id='word_1_149' title='bbox 514 2143 741 2194; x_wconf 86' lang='lat' dir='ltr'>AEschylum</span> <span class='ocrx_word' id='word_1_150' title='bbox 761 2143 886 2181; x_wconf 83' lang='lat' dir='ltr'>adhuc</span> 
     </span>
     <span class='ocr_line' id='line_1_31' title="bbox 192 2207 886 2257; baseline -0.001 -11"><span class='ocrx_word' id='word_1_151' title='bbox 192 2208 300 2246; x_wconf 85' lang='lat' dir='ltr'>edere</span> <span class='ocrx_word' id='word_1_152' title='bbox 317 2207 466 2257; x_wconf 75' lang='lat' dir='ltr'>cogitet,</span> <span class='ocrx_word' id='word_1_153' title='bbox 489 2219 563 2245; x_wconf 82' lang='lat' dir='ltr'>non</span> <span class='ocrx_word' id='word_1_154' title='bbox 579 2207 767 2257; x_wconf 87' lang='lat' dir='ltr'>comperi;</span> <span class='ocrx_word' id='word_1_155' title='bbox 795 2207 886 2245; x_wconf 84' lang='lat' dir='ltr'>satis</span> 
     </span>
     <span class='ocr_line' id='line_1_32' title="bbox 196 2271 890 2322; baseline 0 -13"><span class='ocrx_word' id='word_1_156' title='bbox 196 2283 415 2321; x_wconf 77' lang='lat' dir='ltr'>persuasum</span> <span class='ocrx_word' id='word_1_157' title='bbox 445 2271 566 2309; x_wconf 78' lang='lat' dir='ltr'>habeo</span> <span class='ocrx_word' id='word_1_158' title='bbox 595 2284 786 2322; x_wconf 85' lang='lat' dir='ltr'>nunquam</span> <span class='ocrx_word' id='word_1_159' title='bbox 812 2272 890 2309; x_wconf 87' lang='lat' dir='ltr'>edi-</span> 
     </span>
     <span class='ocr_line' id='line_1_33' title="bbox 197 2333 889 2385; baseline 0 -11"><span class='ocrx_word' id='word_1_160' title='bbox 197 2336 357 2374; x_wconf 63' lang='lat' dir='ltr'>tumml’</span> <span class='ocrx_word' id='word_1_161' title='bbox 383 2333 583 2385; x_wconf 78' lang='lat' dir='ltr'>Musgrav.</span> <span class='ocrx_word' id='word_1_162' title='bbox 613 2336 650 2374; x_wconf 85' lang='lat' dir='ltr'>J.</span> <span class='ocrx_word' id='word_1_163' title='bbox 670 2337 721 2373; x_wconf 90' lang='lat' dir='ltr'>A.</span> <span class='ocrx_word' id='word_1_164' title='bbox 742 2335 889 2374; x_wconf 81' lang='lat' dir='ltr'>Ernesti</span> 
     </span>
     <span class='ocr_line' id='line_1_34' title="bbox 197 2398 890 2449; baseline -0.001 -11"><span class='ocrx_word' id='word_1_165' title='bbox 197 2399 297 2449; x_wconf 82' lang='lat' dir='ltr'>apud</span> <span class='ocrx_word' id='word_1_166' title='bbox 315 2398 523 2436; x_wconf 82' lang='lat' dir='ltr'>Tittmann.</span> <span class='ocrx_word' id='word_1_167' title='bbox 547 2410 584 2447; x_wconf 87' lang='lat' dir='ltr'>p.</span> <span class='ocrx_word' id='word_1_168' title='bbox 603 2402 744 2437; x_wconf 83' lang='lat'><strong>58.-“</strong></span> <span class='ocrx_word' id='word_1_169' title='bbox 763 2399 820 2438; x_wconf 92' lang='lat' dir='ltr'>To</span> <span class='ocrx_word' id='word_1_170' title='bbox 844 2399 890 2437; x_wconf 78' lang='lat' dir='ltr'>be</span> 
     </span>
     <span class='ocr_line' id='line_1_35' title="bbox 196 2462 890 2514; baseline 0.001 -13"><span class='ocrx_word' id='word_1_171' title='bbox 196 2463 301 2514; x_wconf 85' lang='lat' dir='ltr'>plain</span> <span class='ocrx_word' id='word_1_172' title='bbox 329 2462 420 2500; x_wconf 85' lang='lat' dir='ltr'>with</span> <span class='ocrx_word' id='word_1_173' title='bbox 447 2475 535 2514; x_wconf 84' lang='lat' dir='ltr'>you,</span> <span class='ocrx_word' id='word_1_174' title='bbox 570 2463 588 2500; x_wconf 94' lang='lat'>1</span> <span class='ocrx_word' id='word_1_175' title='bbox 617 2463 664 2501; x_wconf 91' lang='lat' dir='ltr'>do</span> <span class='ocrx_word' id='word_1_176' title='bbox 691 2469 757 2502; x_wconf 91' lang='lat' dir='ltr'>not</span> <span class='ocrx_word' id='word_1_177' title='bbox 775 2463 890 2502; x_wconf 43' lang='lat' dir='ltr'>*think</span> 
     </span>
     <span class='ocr_line' id='line_1_36' title="bbox 196 2526 891 2578; baseline 0.003 -12"><span class='ocrx_word' id='word_1_178' title='bbox 196 2529 279 2566; x_wconf 75' lang='lat' dir='ltr'>his&#39;’</span> <span class='ocrx_word' id='word_1_179' title='bbox 296 2528 386 2576; x_wconf 88' lang='lat' dir='ltr'><strong>(Dr.</strong></span> <span class='ocrx_word' id='word_1_180' title='bbox 400 2526 495 2578; x_wconf 82' lang='lat' dir='ltr'>A.’s)</span> <span class='ocrx_word' id='word_1_181' title='bbox 511 2527 738 2568; x_wconf 80' lang='lat' dir='ltr'>“collection</span> <span class='ocrx_word' id='word_1_182' title='bbox 751 2541 777 2567; x_wconf 84' lang='lat' dir='ltr'>a</span> <span class='ocrx_word' id='word_1_183' title='bbox 791 2534 891 2568; x_wconf 84' lang='lat' dir='ltr'>mat-</span> 
     </span>
     <span class='ocr_line' id='line_1_37' title="bbox 200 2593 891 2644; baseline 0.001 -13"><span class='ocrx_word' id='word_1_184' title='bbox 200 2598 256 2631; x_wconf 76' lang='lat' dir='ltr'>ter</span> <span class='ocrx_word' id='word_1_185' title='bbox 289 2593 332 2633; x_wconf 82' lang='lat' dir='ltr'>of</span> <span class='ocrx_word' id='word_1_186' title='bbox 361 2593 477 2631; x_wconf 91' lang='lat' dir='ltr'>much</span> <span class='ocrx_word' id='word_1_187' title='bbox 511 2594 891 2644; x_wconf 72' lang='lat' dir='ltr'>consequence—his</span> 
     </span>
     <span class='ocr_line' id='line_1_38' title="bbox 199 2650 893 2705; baseline -0.003 -9"><span class='ocrx_word' id='word_1_188' title='bbox 199 2671 286 2696; x_wconf 84' lang='lat' dir='ltr'>own</span> <span class='ocrx_word' id='word_1_189' title='bbox 312 2657 496 2705; x_wconf 77' lang='lat' dir='ltr'>remarks,</span> <span class='ocrx_word' id='word_1_190' title='bbox 516 2650 551 2695; x_wconf 75' lang='lat'>‘1</span> <span class='ocrx_word' id='word_1_191' title='bbox 580 2670 644 2697; x_wconf 81' lang='lat' dir='ltr'>am</span> <span class='ocrx_word' id='word_1_192' title='bbox 670 2659 893 2698; x_wconf 47' lang='lat' dir='ltr'>certain&amp;-</span> 
     </span>
     <span class='ocr_line' id='line_1_39' title="bbox 204 2720 893 2772; baseline 0.006 -13"><span class='ocrx_word' id='word_1_193' title='bbox 204 2720 280 2760; x_wconf 87' lang='lat' dir='ltr'>Dr.</span> <span class='ocrx_word' id='word_1_194' title='bbox 299 2721 476 2761; x_wconf 69' lang='lat' dir='ltr'>Bamard</span> <span class='ocrx_word' id='word_1_195' title='bbox 501 2727 540 2761; x_wconf 79' lang='lat' dir='ltr'>to</span> <span class='ocrx_word' id='word_1_196' title='bbox 563 2722 643 2763; x_wconf 86' lang='lat' dir='ltr'>Mr.</span> <span class='ocrx_word' id='word_1_197' title='bbox 660 2722 705 2762; x_wconf 89' lang='lat' dir='ltr'>T.</span> <span class='ocrx_word' id='word_1_198' title='bbox 718 2722 893 2772; x_wconf 44' lang='lat' dir='ltr'>‘Wnartom</span> 
     </span>
     <span class='ocr_line' id='line_1_40' title="bbox 203 2786 647 2837; baseline 0.005 -12"><span class='ocrx_word' id='word_1_199' title='bbox 203 2799 241 2837; x_wconf 86' lang='lat' dir='ltr'>p.</span> <span class='ocrx_word' id='word_1_200' title='bbox 261 2786 378 2836; x_wconf 73' lang='lat'><strong>321.;</strong></span> <span class='ocrx_word' id='word_1_201' title='bbox 403 2788 488 2827; x_wconf 83' lang='lat' dir='ltr'>vide</span> <span class='ocrx_word' id='word_1_202' title='bbox 507 2789 647 2827; x_wconf 65' lang='lat' dir='ltr'>Pnffir.</span> 
     </span>
    </p>
   </div>
   <div class='ocr_carea' id='block_1_14' title="bbox 929 1175 1642 2839">
    <p class='ocr_par' dir='ltr' id='par_1_14' title="bbox 929 1175 1642 2839">
     <span class='ocr_line' id='line_1_41' title="bbox 929 1175 1625 1226; baseline 0 -11"><span class='ocrx_word' id='word_1_203' title='bbox 929 1189 999 1215; x_wconf 83' lang='lat' dir='ltr'>usu</span> <span class='ocrx_word' id='word_1_204' title='bbox 1032 1176 1214 1215; x_wconf 78' lang='lat' dir='ltr'>sermonis</span> <span class='ocrx_word' id='word_1_205' title='bbox 1249 1176 1347 1226; x_wconf 81' lang='lat' dir='ltr'>apud</span> <span class='ocrx_word' id='word_1_206' title='bbox 1388 1175 1625 1216; x_wconf 84' lang='lat' dir='ltr'>Christianos</span> 
     </span>
     <span class='ocr_line' id='line_1_42' title="bbox 933 1240 1624 1291; baseline -0.001 -12"><span class='ocrx_word' id='word_1_207' title='bbox 933 1240 1154 1279; x_wconf 69' lang='lat' dir='ltr'>Paracletus</span> <span class='ocrx_word' id='word_1_208' title='bbox 1172 1240 1388 1291; x_wconf 83' lang='lat' dir='ltr'>plerumque</span> <span class='ocrx_word' id='word_1_209' title='bbox 1409 1246 1624 1291; x_wconf 86' lang='lat' dir='ltr'>comparet;</span> 
     </span>
     <span class='ocr_line' id='line_1_43' title="bbox 931 1303 1626 1344; baseline -0.003 0"><span class='ocrx_word' id='word_1_210' title='bbox 931 1306 1016 1344; x_wconf 86' lang='lat' dir='ltr'>vide</span> <span class='ocrx_word' id='word_1_211' title='bbox 1047 1304 1119 1343; x_wconf 75' lang='grc' dir='ltr'>τὸν</span> <span class='ocrx_word' id='word_1_212' title='bbox 1142 1303 1236 1343; x_wconf 76' lang='grc' dir='ltr'><strong><em>πάνυ</em></strong></span> <span class='ocrx_word' id='word_1_213' title='bbox 1269 1305 1547 1343; x_wconf 71' lang='lat' dir='ltr'>PEAnsomsM</span> <span class='ocrx_word' id='word_1_214' title='bbox 1577 1304 1626 1342; x_wconf 89' lang='lat' dir='ltr'>ad</span> 
     </span>
     <span class='ocr_line' id='line_1_44' title="bbox 934 1369 1626 1422; baseline -0.004 -13"><span class='ocrx_word' id='word_1_215' title='bbox 934 1370 1067 1422; x_wconf 87' lang='lat' dir='ltr'>Symb.</span> <span class='ocrx_word' id='word_1_216' title='bbox 1086 1374 1156 1409; x_wconf 84' lang='lat' dir='ltr'>art.</span> <span class='ocrx_word' id='word_1_217' title='bbox 1177 1381 1282 1409; x_wconf 85' lang='lat' dir='ltr'>v111.</span> <span class='ocrx_word' id='word_1_218' title='bbox 1341 1369 1534 1408; x_wconf 85' lang='lat' dir='ltr'>Nimirum</span> <span class='ocrx_word' id='word_1_219' title='bbox 1553 1375 1575 1393; x_wconf 80' lang='lat'>‘⁴</span> <span class='ocrx_word' id='word_1_220' title='bbox 1588 1369 1626 1407; x_wconf 88' lang='lat' dir='ltr'>in</span> 
     </span>
     <span class='ocr_line' id='line_1_45' title="bbox 933 1433 1625 1484; baseline -0.001 -11"><span class='ocrx_word' id='word_1_221' title='bbox 933 1435 1144 1473; x_wconf 88' lang='lat' dir='ltr'>nominibus</span> <span class='ocrx_word' id='word_1_222' title='bbox 1189 1435 1405 1484; x_wconf 71' lang='lat' dir='ltr'>caeterisque</span> <span class='ocrx_word' id='word_1_223' title='bbox 1450 1433 1625 1472; x_wconf 73' lang='lat' dir='ltr'>orationis</span> 
     </span>
     <span class='ocr_line' id='line_1_46' title="bbox 931 1496 1627 1548; baseline -0.001 -13"><span class='ocrx_word' id='word_1_224' title='bbox 931 1497 1101 1547; x_wconf 82' lang='lat' dir='ltr'>partibus</span> <span class='ocrx_word' id='word_1_225' title='bbox 1161 1510 1229 1535; x_wconf 82' lang='lat' dir='ltr'>sua</span> <span class='ocrx_word' id='word_1_226' title='bbox 1272 1499 1448 1548; x_wconf 86' lang='lat' dir='ltr'>cujusque</span> <span class='ocrx_word' id='word_1_227' title='bbox 1491 1496 1627 1547; x_wconf 84' lang='lat' dir='ltr'>linguae</span> 
     </span>
     <span class='ocr_line' id='line_1_47' title="bbox 932 1562 1628 1612; baseline 0.001 -13"><span class='ocrx_word' id='word_1_228' title='bbox 932 1566 1038 1599; x_wconf 21' lang='lat' dir='ltr'>,certa</span> <span class='ocrx_word' id='word_1_229' title='bbox 1055 1562 1161 1608; x_wconf 85' lang='lat' dir='ltr'>ratio,</span> <span class='ocrx_word' id='word_1_230' title='bbox 1192 1574 1237 1599; x_wconf 84' lang='lat' dir='ltr'>ac</span> <span class='ocrx_word' id='word_1_231' title='bbox 1255 1562 1403 1612; x_wconf 83' lang='lat' dir='ltr'>propria</span> <span class='ocrx_word' id='word_1_232' title='bbox 1419 1575 1464 1599; x_wconf 68' lang='lat' dir='ltr'>wc</span> <span class='ocrx_word' id='word_1_233' title='bbox 1482 1567 1628 1612; x_wconf 75' lang='lat' dir='ltr'>recepta</span> 
     </span>
     <span class='ocr_line' id='line_1_48' title="bbox 930 1626 1630 1676; baseline 0 -12"><span class='ocrx_word' id='word_1_234' title='bbox 930 1626 1167 1664; x_wconf 63' lang='lat' dir='ltr'>consuetudo</span> <span class='ocrx_word' id='word_1_235' title='bbox 1194 1627 1284 1664; x_wconf 85' lang='lat' dir='ltr'>est.&#39;&#39;</span> <span class='ocrx_word' id='word_1_236' title='bbox 1337 1631 1360 1650; x_wconf 79' lang='lat'>‘⁴</span> <span class='ocrx_word' id='word_1_237' title='bbox 1376 1627 1489 1676; x_wconf 90' lang='lat' dir='ltr'>Apud</span> <span class='ocrx_word' id='word_1_238' title='bbox 1527 1626 1630 1664; x_wconf 80' lang='lat' dir='ltr'>Lati-</span> 
     </span>
     <span class='ocr_line' id='line_1_49' title="bbox 933 1689 1630 1740; baseline -0.003 -11"><span class='ocrx_word' id='word_1_239' title='bbox 933 1702 1001 1729; x_wconf 83' lang='lat' dir='ltr'>nos</span> <span class='ocrx_word' id='word_1_240' title='bbox 1022 1689 1183 1739; x_wconf 71' lang='lat' dir='ltr'>forceps</span> <span class='ocrx_word' id='word_1_241' title='bbox 1200 1694 1238 1727; x_wconf 85' lang='lat' dir='ltr'>et</span> <span class='ocrx_word' id='word_1_242' title='bbox 1262 1689 1442 1740; x_wconf 77' lang='lat' dir='ltr'>Princeps</span> <span class='ocrx_word' id='word_1_243' title='bbox 1468 1690 1508 1727; x_wconf 88' lang='lat' dir='ltr'>in</span> <span class='ocrx_word' id='word_1_244' title='bbox 1534 1690 1630 1729; x_wconf 78' lang='lat' dir='ltr'>casi-</span> 
     </span>
     <span class='ocr_line' id='line_1_50' title="bbox 934 1752 1628 1805; baseline -0.001 -14"><span class='ocrx_word' id='word_1_245' title='bbox 934 1753 1003 1791; x_wconf 87' lang='lat' dir='ltr'>bus</span> <span class='ocrx_word' id='word_1_246' title='bbox 1022 1753 1186 1804; x_wconf 85' lang='lat' dir='ltr'>obliquis</span> <span class='ocrx_word' id='word_1_247' title='bbox 1207 1752 1388 1805; x_wconf 72' lang='lat' dir='ltr'>forcipis,</span> <span class='ocrx_word' id='word_1_248' title='bbox 1418 1753 1601 1804; x_wconf 76' lang='lat' dir='ltr'>principis</span> <span class='ocrx_word' id='word_1_249' title='bbox 1614 1768 1628 1797; x_wconf 89' lang='lat'><em>;</em></span> 
     </span>
     <span class='ocr_line' id='line_1_51' title="bbox 934 1811 1631 1870; baseline 0.001 -15"><span class='ocrx_word' id='word_1_250' title='bbox 934 1818 1025 1868; x_wconf 82' lang='lat' dir='ltr'>quia</span> <span class='ocrx_word' id='word_1_251' title='bbox 1036 1817 1211 1869; x_wconf 77' lang='lat' dir='ltr'>sorcepis</span> <span class='ocrx_word' id='word_1_252' title='bbox 1228 1822 1266 1855; x_wconf 88' lang='lat' dir='ltr'>et</span> <span class='ocrx_word' id='word_1_253' title='bbox 1291 1811 1479 1868; x_wconf 73' lang='lat' dir='ltr'>princepis</span> <span class='ocrx_word' id='word_1_254' title='bbox 1496 1818 1631 1870; x_wconf 85' lang='lat' dir='ltr'>linguae</span> 
     </span>
     <span class='ocr_line' id='line_1_52' title="bbox 936 1881 1631 1920; baseline 0 -1"><span class='ocrx_word' id='word_1_255' title='bbox 936 1888 1073 1920; x_wconf 84' lang='lat' dir='ltr'>natura</span> <span class='ocrx_word' id='word_1_256' title='bbox 1108 1894 1183 1919; x_wconf 90' lang='lat' dir='ltr'>non</span> <span class='ocrx_word' id='word_1_257' title='bbox 1216 1881 1394 1920; x_wconf 78' lang='lat' dir='ltr'>serebat.’&#39;</span> <span class='ocrx_word' id='word_1_258' title='bbox 1439 1881 1631 1919; x_wconf 74' lang='lat' dir='ltr'>Ber-nardo</span> 
     </span>
     <span class='ocr_line' id='line_1_53' title="bbox 939 1945 1634 1997; baseline -0.003 -12"><span class='ocrx_word' id='word_1_259' title='bbox 939 1947 989 1985; x_wconf 86' lang='lat' dir='ltr'>R.</span> <span class='ocrx_word' id='word_1_260' title='bbox 1005 1946 1052 1985; x_wconf 92' lang='lat' dir='ltr'>B.</span> <span class='ocrx_word' id='word_1_261' title='bbox 1088 1960 1124 1997; x_wconf 92' lang='lat' dir='ltr'>p.</span> <span class='ocrx_word' id='word_1_262' title='bbox 1147 1945 1235 1985; x_wconf 84' lang='lat'>160.</span> <span class='ocrx_word' id='word_1_263' title='bbox 1293 1948 1336 1984; x_wconf 93' lang='lat' dir='ltr'>In</span> <span class='ocrx_word' id='word_1_264' title='bbox 1366 1946 1520 1986; x_wconf 81' lang='lat' dir='ltr'>vocibus</span> <span class='ocrx_word' id='word_1_265' title='bbox 1553 1946 1634 1984; x_wconf 81' lang='lat' dir='ltr'>bar-</span> 
     </span>
     <span class='ocr_line' id='line_1_54' title="bbox 934 2011 1632 2063; baseline -0.003 -13"><span class='ocrx_word' id='word_1_266' title='bbox 934 2011 1051 2059; x_wconf 72' lang='lat' dir='ltr'>baris,</span> <span class='ocrx_word' id='word_1_267' title='bbox 1096 2012 1136 2050; x_wconf 77' lang='lat' dir='ltr'>h.</span> <span class='ocrx_word' id='word_1_268' title='bbox 1155 2024 1187 2050; x_wconf 91' lang='lat' dir='ltr'>e.</span> <span class='ocrx_word' id='word_1_269' title='bbox 1219 2011 1443 2063; x_wconf 72' lang='lat' dir='ltr'>peregrinis,</span> <span class='ocrx_word' id='word_1_270' title='bbox 1490 2016 1632 2049; x_wconf 80' lang='lat' dir='ltr'>veteres</span> 
     </span>
     <span class='ocr_line' id='line_1_55' title="bbox 942 2076 1633 2127; baseline -0.001 -12"><span class='ocrx_word' id='word_1_271' title='bbox 942 2076 1066 2115; x_wconf 77' lang='lat' dir='ltr'>Latini</span> <span class='ocrx_word' id='word_1_272' title='bbox 1078 2076 1173 2115; x_wconf 87' lang='lat' dir='ltr'>citra</span> <span class='ocrx_word' id='word_1_273' title='bbox 1184 2077 1504 2127; x_wconf 84' lang='lat' dir='ltr'>reprehensionem</span> <span class='ocrx_word' id='word_1_274' title='bbox 1518 2087 1633 2114; x_wconf 82' lang='lat' dir='ltr'>unam</span> 
     </span>
     <span class='ocr_line' id='line_1_56' title="bbox 940 2141 1635 2192; baseline -0.004 -11"><span class='ocrx_word' id='word_1_275' title='bbox 940 2147 1007 2181; x_wconf 84' lang='lat' dir='ltr'>aut</span> <span class='ocrx_word' id='word_1_276' title='bbox 1023 2141 1146 2192; x_wconf 84' lang='lat' dir='ltr'>plures</span> <span class='ocrx_word' id='word_1_277' title='bbox 1164 2141 1317 2180; x_wconf 82' lang='lat' dir='ltr'>subinde</span> <span class='ocrx_word' id='word_1_278' title='bbox 1337 2141 1478 2180; x_wconf 64' lang='lat' dir='ltr'>litteras</span> <span class='ocrx_word' id='word_1_279' title='bbox 1496 2141 1635 2179; x_wconf 86' lang='lat' dir='ltr'>immu-</span> 
     </span>
     <span class='ocr_line' id='line_1_57' title="bbox 940 2205 1635 2246; baseline -0.004 0"><span class='ocrx_word' id='word_1_280' title='bbox 940 2211 1079 2246; x_wconf 80' lang='lat' dir='ltr'>tamnt.</span> <span class='ocrx_word' id='word_1_281' title='bbox 1135 2212 1158 2230; x_wconf 76' lang='lat'>‘⁴</span> <span class='ocrx_word' id='word_1_282' title='bbox 1177 2205 1387 2246; x_wconf 74' lang='lat' dir='ltr'>Phrenesim</span> <span class='ocrx_word' id='word_1_283' title='bbox 1404 2206 1482 2245; x_wconf 88' lang='lat' dir='ltr'>scio</span> <span class='ocrx_word' id='word_1_284' title='bbox 1502 2206 1635 2244; x_wconf 80' lang='lat' dir='ltr'>Graece</span> 
     </span>
     <span class='ocr_line' id='line_1_58' title="bbox 942 2269 1637 2324; baseline -0.003 -16"><span class='ocrx_word' id='word_1_285' title='bbox 942 2271 1015 2308; x_wconf 89' lang='lat' dir='ltr'>dici</span> <span class='ocrx_word' id='word_1_286' title='bbox 1032 2275 1214 2324; x_wconf 78' lang='grc' dir='ltr'>φρενῖτιν,</span> <span class='ocrx_word' id='word_1_287' title='bbox 1244 2270 1308 2308; x_wconf 86' lang='lat' dir='ltr'>sed</span> <span class='ocrx_word' id='word_1_288' title='bbox 1325 2270 1364 2308; x_wconf 89' lang='lat' dir='ltr'>in</span> <span class='ocrx_word' id='word_1_289' title='bbox 1385 2269 1556 2308; x_wconf 87' lang='lat' dir='ltr'>omnibus</span> <span class='ocrx_word' id='word_1_290' title='bbox 1575 2281 1637 2306; x_wconf 87' lang='lat' dir='ltr'>eu-</span> 
     </span>
     <span class='ocr_line' id='line_1_59' title="bbox 937 2334 1635 2388; baseline 0 -14"><span class='ocrx_word' id='word_1_291' title='bbox 937 2338 1072 2388; x_wconf 83' lang='lat' dir='ltr'>jusque</span> <span class='ocrx_word' id='word_1_292' title='bbox 1106 2336 1248 2386; x_wconf 86' lang='lat' dir='ltr'>generis</span> <span class='ocrx_word' id='word_1_293' title='bbox 1290 2334 1416 2374; x_wconf 84' lang='lat' dir='ltr'>latinis</span> <span class='ocrx_word' id='word_1_294' title='bbox 1451 2335 1635 2374; x_wconf 76' lang='lat' dir='ltr'>veteribus</span> 
     </span>
     <span class='ocr_line' id='line_1_60' title="bbox 942 2399 1638 2450; baseline -0.007 -10"><span class='ocrx_word' id='word_1_295' title='bbox 942 2402 1046 2440; x_wconf 85' lang='lat' dir='ltr'>libris</span> <span class='ocrx_word' id='word_1_296' title='bbox 1081 2400 1260 2450; x_wconf 84' lang='lat' dir='ltr'>sen&#39;ptum</span> <span class='ocrx_word' id='word_1_297' title='bbox 1292 2400 1400 2438; x_wconf 88' lang='lat' dir='ltr'>video</span> <span class='ocrx_word' id='word_1_298' title='bbox 1431 2399 1638 2449; x_wconf 74' lang='lat' dir='ltr'>phrenesim</span> 
     </span>
     <span class='ocr_line' id='line_1_61' title="bbox 943 2464 1636 2516; baseline -0.007 -10"><span class='ocrx_word' id='word_1_299' title='bbox 943 2473 982 2506; x_wconf 82' lang='lat' dir='ltr'>et</span> <span class='ocrx_word' id='word_1_300' title='bbox 1011 2465 1255 2516; x_wconf 71' lang='lat' dir='ltr'>phreneticus,</span> <span class='ocrx_word' id='word_1_301' title='bbox 1292 2478 1367 2503; x_wconf 90' lang='lat' dir='ltr'>non</span> <span class='ocrx_word' id='word_1_302' title='bbox 1397 2464 1636 2514; x_wconf 75' lang='lat' dir='ltr'>phreniticus.</span> 
     </span>
     <span class='ocr_line' id='line_1_62' title="bbox 947 2529 1638 2580; baseline -0.004 -11"><span class='ocrx_word' id='word_1_303' title='bbox 947 2532 998 2569; x_wconf 87' lang='lat' dir='ltr'>Et</span> <span class='ocrx_word' id='word_1_304' title='bbox 1034 2535 1160 2568; x_wconf 85' lang='lat' dir='ltr'>tamen</span> <span class='ocrx_word' id='word_1_305' title='bbox 1199 2529 1288 2567; x_wconf 88' lang='lat' dir='ltr'>olim</span> <span class='ocrx_word' id='word_1_306' title='bbox 1334 2529 1486 2580; x_wconf 86' lang='lat' dir='ltr'>quidam</span> <span class='ocrx_word' id='word_1_307' title='bbox 1527 2529 1638 2579; x_wconf 77' lang='lat' dir='ltr'>plane</span> 
     </span>
     <span class='ocr_line' id='line_1_63' title="bbox 941 2591 1638 2645; baseline -0.003 -13"><span class='ocrx_word' id='word_1_308' title='bbox 941 2594 1188 2645; x_wconf 76' lang='lat' dir='ltr'>phreneticus,</span> <span class='ocrx_word' id='word_1_309' title='bbox 1207 2593 1298 2641; x_wconf 82' lang='lat' dir='ltr'>sive,</span> <span class='ocrx_word' id='word_1_310' title='bbox 1315 2598 1356 2631; x_wconf 85' lang='lat' dir='ltr'>ut</span> <span class='ocrx_word' id='word_1_311' title='bbox 1372 2591 1449 2643; x_wconf 87' lang='lat' dir='ltr'>ipse</span> <span class='ocrx_word' id='word_1_312' title='bbox 1467 2593 1540 2631; x_wconf 88' lang='lat' dir='ltr'>dici</span> <span class='ocrx_word' id='word_1_313' title='bbox 1558 2605 1638 2630; x_wconf 83' lang='lat' dir='ltr'>ma-</span> 
     </span>
     <span class='ocr_line' id='line_1_64' title="bbox 946 2655 1638 2708; baseline -0.01 -9"><span class='ocrx_word' id='word_1_314' title='bbox 946 2659 1059 2706; x_wconf 83' lang='lat' dir='ltr'>lebat,</span> <span class='ocrx_word' id='word_1_315' title='bbox 1081 2656 1322 2708; x_wconf 78' lang='lat' dir='ltr'>phreniticus,</span> <span class='ocrx_word' id='word_1_316' title='bbox 1346 2669 1434 2694; x_wconf 88' lang='lat' dir='ltr'>cum</span> <span class='ocrx_word' id='word_1_317' title='bbox 1453 2655 1638 2707; x_wconf 84' lang='lat' dir='ltr'>quendam</span> 
     </span>
     <span class='ocr_line' id='line_1_65' title="bbox 948 2720 1640 2764; baseline -0.009 -2"><span class='ocrx_word' id='word_1_318' title='bbox 948 2722 1130 2763; x_wconf 81' lang='lat' dir='ltr'>&#39;Varronis</span> <span class='ocrx_word' id='word_1_319' title='bbox 1166 2734 1317 2760; x_wconf 79' lang='lat' dir='ltr'>versum</span> <span class='ocrx_word' id='word_1_320' title='bbox 1347 2721 1402 2759; x_wconf 83' lang='lat' dir='ltr'>ita</span> <span class='ocrx_word' id='word_1_321' title='bbox 1431 2720 1640 2764; x_wconf 86' lang='lat' dir='ltr'>edidissem,</span> 
     </span>
     <span class='ocr_line' id='line_1_66' title="bbox 947 2784 1642 2839; baseline -0.016 -10"><span class='ocrx_word' id='word_1_322' title='bbox 947 2793 991 2827; x_wconf 82' lang='lat' dir='ltr'>ut</span> <span class='ocrx_word' id='word_1_323' title='bbox 1007 2799 1230 2839; x_wconf 78' lang='lat' dir='ltr'>repereram,</span> <span class='ocrx_word' id='word_1_324' title='bbox 1259 2784 1482 2831; x_wconf 80' lang='lat' dir='ltr'>Phrenetici,</span> <span class='ocrx_word' id='word_1_325' title='bbox 1507 2786 1642 2832; x_wconf 74' lang='lat' dir='ltr'>septem</span> 
     </span>
    </p>
   </div>
  </div>
 </body>
</html>
