1864 3132
839 179 942 228 229

242 281 352 347 Age
391 297 522 341 vero,
563 284 957 350 quandoquidem
999 285 1070 335 Cl.
1101 285 1319 336 Bentleii
1349 286 1610 351 consilium

175 350 441 418 improbas,
462 358 720 408 videamus
743 363 942 410 tandem
961 363 1202 428 numquid
1225 369 1328 412 tute
1349 364 1613 430 ὖσγιεστερον

174 430 520 484 adducendum
556 435 744 496 habeas
763 456 779 485 .·
842 437 968 486 Cum
1007 440 1302 489 elementum
1341 446 1370 488 Ρ
1407 436 1612 489 AEolen·

173 509 305 559 sium
330 513 590 576 proprium
613 514 784 581 fuisse
818 522 1030 575 statuas,
1071 516 1290 581 ejusdem
1325 524 1492 568 tamen
1522 535 1612 582 po—

174 591 399 636 testatem
441 591 579 653 apud
617 588 767 640 Ionas
811 591 980 640 itidem
1019 593 1294 643 invaluisse
1330 595 1461 644 idem
1499 611 1614 653 con-

103 690 116 700 ·
174 663 351 712 tendas
368 682 385 712 .·
416 666 516 731 fac
555 667 770 726 tandem,
795 685 1030 732 exponas,
1057 686 1275 736 quanam
1289 672 1475 735 figura
1510 670 1616 719 sive

171 745 291 787 nota
308 747 603 803 potestatem
622 743 771 792 istam
803 745 940 807 apud
961 743 1112 793 Ionas
1133 745 1397 810 designari
1418 746 1617 796 solitam

175 813 439 865 existimes.
510 818 750 883 Equidem
790 820 1079 870 confirmare
1118 839 1217 871 non
1259 824 1412 871 ausim
1451 818 1616 890 gentis

171 891 298 940 illius
339 895 627 944 vetustiores
666 897 765 945 ulla
802 899 1106 962 aspirationis
1146 901 1223 949 vel
1264 900 1347 950 He
1385 902 1461 951 vel
1509 902 1617 951 Vau

178 971 207 1001 *
226 979 342 1019 nota
364 989 475 1021 usos
499 973 663 1024 fuisse.

173 1049 405 1116 loquendi
451 1070 623 1103 norma
666 1056 717 1104 in
771 1057 960 1121 scriptis
1006 1058 1323 1123 supplendam
1371 1060 1618 1124 relinque-

173 1126 309 1178 bant.
380 1131 582 1181 Interim
604 1151 719 1183 vero
742 1135 902 1183 nullus
931 1137 1117 1195 dubito,
1153 1138 1288 1203 quin,
1320 1155 1617 1205 quocunque

174 1204 368 1254 demum
399 1203 598 1267 'saeculo-
637 1210 911 1259 adinventae
958 1211 1143 1260 fuerint
1189 1220 1319 1261 notae
1365 1215 1472 1263 istae
1526 1212 1615 1281 [‘]

175 1289 226 1331 et
260 1281 413 1349 [’]⁶⁰,
439 1285 489 1333 id
511 1302 571 1335 eo
600 1288 800 1336 consilio
836 1288 1018 1336 factum
1058 1289 1135 1348 sit,
1166 1295 1222 1339 ut
1249 1290 1404 1340 altera
1431 1292 1616 1356 aspira-

243 1438 310 1481 60.
348 1446 371 1465 ‘⁴
391 1441 444 1481 R.
471 1443 526 1481 D.
565 1445 609 1483 de
643 1450 801 1497 utraque.
830 1460 868 1484 re
924 1449 996 1484 τοῦ
1029 1448 1122 1497 βαΰ.
1181 1448 1282 1493 Quin
1318 1450 1418 1486 enirn
1453 1449 1494 1498 (f.
1515 1449 1614 1494 Quin

735 976 777 1024 Ii
809 983 1067 1042 utramque
1101 977 1308 1028 fortasse
1333 996 1395 1028 ex
1418 980 1620 1047 vulgata
1656 991 1750 1044 137

178 1505 301 1545 minus
333 1514 518 1556 accurate,
550 1516 593 1547 ut
619 1511 776 1558 videtur,
807 1512 869 1562 ju-

177 1571 351 1617 dicavit,’'
401 1579 439 1611 et
472 1574 621 1623 pulvere
657 1577 703 1613 de
743 1577 869 1614 lonico

183 1633 223 1671 V
218 1648 266 1672 au
290 1640 435 1674 strenue
459 1644 562 1676 moto
590 1639 787 1690 caliginem
814 1641 870 1678 in-

177 1698 286 1738 duxit
330 1700 488 1755 [Hemn]
505 1717 517 1739 .·

174 1769 303 1804 tamen
338 1767 611 1807 observationes
645 1770 691 1808 de
726 1784 794 1809 usu
832 1777 869 1811 et

168 1833 362 1879 potestate
379 1830 475 1880 signi
500 1833 568 1878 sui,
597 1845 702 1883 aeque
720 1835 773 1888 τῇ
801 1835 869 1873 Di-

175 1907 333 1945 gamma
355 1897 588 1935 conveniunt.
618 1898 865 1950 Burgessi-us:

174 1959 270 1998 conf.
305 1959 455 2012 Kniglzt
489 1963 621 2010 (Anal.
649 1964 772 2016 Essay
801 1980 864 2017 pp.

174 2027 284 2062 34—
362 2028 391 2076 ).
436 2025 487 2063 R.
506 2026 555 2064 Β.
590 2028 626 2066 in
663 2030 866 2077 scribendo,

587 1709 611 1727 “
632 1705 868 1744 Dawesianae

176 2088 227 2127 R.
249 2089 297 2127 B.
333 2095 370 2129 et
402 2090 454 2129 R.
478 2091 532 2129 D.
565 2093 603 2130 'm
638 2096 866 2134 enunciando

175 2153 276 2191 hune
293 2154 547 2194 characterem
564 2171 721 2209 sequor:
753 2162 866 2199 ambo

178 2219 324 2257 semina
347 2219 558 2271 irrigarunt,
592 2224 684 2261 seris
702 2224 866 2276 factura

175 2283 366 2332 nepotibus
384 2285 555 2324 umbram.
610 2288 866 2329 Nihilominus

139 2389 150 2399 ,
176 2345 362 2397 Scaliger,
398 2347 460 2397 qui
492 2348 712 2389 Graecarum
742 2352 867 2392 litera-

177 2424 263 2450 rum
281 2418 473 2451 nascentes
496 2412 636 2453 formas
655 2415 865 2458 felicissime

176 2477 383 2528 indagavit,
434 2478 535 2515 haud
579 2478 708 2527 aliam,
755 2489 864 2534 atque

179 2541 230 2580 R.
246 2541 314 2588 D.‚
328 2542 548 2580 sententiam
567 2550 770 2585 sustentare
782 2561 864 2597 per-

178 2604 256 2656 git3
284 2611 306 2629 “
318 2619 391 2645 non
404 2612 460 2645 est
477 2607 541 2660 [F]
556 2615 754 2664 στοιχεῖον
766 2613 864 2662 apud

179 2669 290 2710 Ionas
320 2678 358 2711 et
386 2673 556 2722 Graecos,
591 2675 655 2713 sed
682 2675 865 2727 ἐπίσημον

921 1509 1055 1561 immo)
1101 1513 1280 1562 simplicis
1326 1515 1476 1564 spiritus
1524 1514 1617 1552 lenis

923 1572 1006 1610 vice
1042 1573 1216 1624 fungitur.
1261 1581 1303 1614 ut
1336 1577 1375 1613 in
1410 1577 1475 1615 illo
1510 1577 1618 1615 Hex-

923 1644 1080 1675 ametro.
1152 1637 1270 1686 ἄμμες
1317 1639 1347 1678 δ’
1392 1641 1617 1694 Ρειρήναντο

923 1703 1013 1740 θεοί.
1044 1702 1107 1740 τοὶ
1131 1703 1161 1741 δ’
1188 1703 1340 1752 ὤμοσαν
1366 1705 1485 1745 Ραιέν.
1542 1706 1619 1744 Ne-

923 1778 994 1816 que
1011 1779 1221 1806 consonans
1239 1774 1306 1816 est,
1324 1783 1441 1820 neque
1460 1771 1616 1819 vocalis,

923 1843 1037 1881 quum
1057 1832 1274 1882 synaloephe
1299 1832 1368 1871 fiat
1390 1839 1540 1883 propter
1571 1850 1616 1881 ει,

920 1907 1037 1945 neque
1054 1896 1188 1945 positio
1207 1896 1276 1935 fiat
1291 1897 1328 1934 in
1358 1897 1497 1940 Ραιέν.”
1525 1897 1618 1937 Sca-

921 1959 1017 2011 liger
1050 1961 1099 1998 ad
1137 1962 1273 2000 Euseb.
1302 1976 1339 2013 p.
1368 1967 1443 2002 105
1462 1981 1504 1999 =

922 2022 1050 2062 Hasce
1074 2025 1225 2064 chartas
1251 2026 1353 2076 prius
1382 2029 1615 2066 excudendas

921 2087 1072 2127 dederat
1099 2089 1170 2127 Vir
1187 2089 1250 2128 ille
1273 2092 1615 2140 praestann'ssimus,

920 2165 1035 2203 quam
1066 2153 1204 2192 librum
1237 2169 1346 2193 suum
1379 2162 1416 2194 et
1443 2159 1616 2196 emenda-

918 2219 1052 2267 tiones,
1100 2219 1371 2259 humanissime
1403 2223 1614 2272 suppedita—

919 2287 990 2330 tas,
1054 2285 1232 2323 Putschio
1278 2288 1612 2337 grammaticorum

921 2348 1140 2387 Latinorum
1176 2350 1304 2388 editori
1343 2352 1471 2397 misit;
1528 2352 1613 2390 vide

919 2424 1034 2461 supra
1050 2412 1099 2450 ad
1116 2426 1178 2463 pp.
1201 2418 1290 2460 198,
1312 2419 1400 2460 199.
1440 2415 1473 2453 E
1493 2429 1614 2454 mem-

918 2476 1042 2514 branis
1069 2490 1157 2516 vero
1190 2478 1304 2517 Harl.
1334 2480 1499 2518 nondum
1530 2480 1613 2517 vul·

919 2542 1015 2592 gatis
1028 2543 1233 2581 anecdoton
1245 2544 1340 2591 dedi,
1360 2546 1453 2595 quod
1469 2551 1611 2583 utrum-

918 2618 988 2656 que
997 2607 1129 2657 pugnis
1137 2607 1347 2646 dialectices
1354 2613 1464 2658 atque
1472 2609 1608 2646 aculeis

918 2683 1033 2721 usque
1049 2671 1141 2710 adeo
1159 2670 1331 2719 defendit,
1349 2676 1391 2710 ut
1400 2671 1453 2710 nil
1467 2671 1610 2711 fortius.
