1864 3132
184 765 270 805 101

984 263 1083 315 162

315 378 404 427 viri
451 374 710 425 doctissimi
755 373 1033 440 Stephanus
1075 381 1126 424 et
1167 367 1435 425 ‘Bentleius
1521 377 1742 439 Quorum

315 456 396 503 ille
438 454 683 521 geminam
728 454 1055 520 conjecturam
1100 455 1532 519 suggessit—vexet
1572 476 1638 514 ηοι
1680 478 1743 506 τα

314 551 472 600 νοησῃζ
534 538 583 580 et
625 536 844 596 Εσπεριος
882 551 942 593 ’γε
974 539 1095 579 τελει
1135 554 1196 580 τα
1237 555 1323 598 περ
1357 555 1468 590 ηοιος
1505 556 1554 582 κε
1594 549 1740 604 venep·

312 608 523 672 priorem
546 615 707 656 autem
732 608 884 674 magis
907 608 1092 672 probat.
1151 608 1221 656 At
1238 610 1365 657 enim
1384 611 1515 674 prior
1532 610 1624 660 ista
1640 628 1742 661 non

312 700 411 732 uno
446 685 642 734 nomine
674 684 986 748 improbanda
1008 684 1167 733 venit:
1221 685 1376 748 primo
1407 687 1575 751 utique
1601 689 1743 752 diph-

315 762 343 792 *
365 762 578 828 thongus
600 762 650 809 in
677 762 773 809 fine
798 762 938 810 verbi
961 769 1085 809 τελει
1109 769 1344 825 sequente
1368 765 1520 813 vocali
1543 766 1741 831 syllabae

310 837 473 905 longae
496 845 660 903 partes
685 839 842 887 minus
867 845 999 887 recte
1031 839 1266 888 sustinet:
1315 840 1490 888 deinde
1519 843 1741 892 voculam

311 939 360 964 κε
384 915 618 964 sermonis
642 915 765 963 ratio
788 915 956 964 abesse
981 931 1078 963 non
1106 915 1301 979 patitur.
1373 916 1541 965 Altera
1574 917 1604 967 ὃ,
1637 919 1740 967 vul-

307 1004 426 1063 gata
466 996 674 1044 lectione
719 995 919 1042 nimium
965 994 1179 1054 discedit.
1263 994 1392 1043 Tan.
1435 995 1584 1045 Fabri
1626 1013 1741 1045 con-

298 1075 508 1141 Jecturae
532 1097 590 1122 τα
612 1096 680 1122 κεν
703 1096 768 1130 ηοι
788 1094 900 1140 νωσῃ
928 1072 1245 1135 adstipulatus
1271 1079 1344 1121 est
1374 1073 1446 1121 Cl.
1474 1074 1737 1124 Bentleius.

309 1151 386 1199 Ad
431 1165 575 1214 quam
620 1150 764 1198 etiam
810 1149 1091 1197 firmandam
1137 1149 1396 1197 doctissimi
1441 1152 1590 1214 patris
1643 1151 1741 1201 filia

308 1230 582 1279 doctissima
619 1228 830 1277 laudavit
869 1228 996 1274 istud
1035 1227 1127 1288 (uti
1163 1227 1306 1275 hodie
1339 1228 1530 1292 volunt)
1571 1230 1739 1279 Theo-

307 1308 415 1357 criti
437 1307 574 1373 Idyll.
600 1323 710 1356 xxv
764 1307 909 1368 (263).

430 1390 521 1433 Τον
546 1408 622 1443 μεν
650 1406 766 1446 εὙων
796 1380 984 1430 adunato-c
1012 1388 1383 1448 παραφρονεοντα
1413 1384 1608 1449 βαρειαις
1636 1391 1639 1393 ’

433 1467 732 1530 ΝΩΣΑΜΕΝ
742 1465 889 1508 ΟΣ-

311 1549 525 1607 Verbum
557 1555 717 1597 autem
751 1570 992 1604 νωσαμευος
1026 1546 1324 1595 Callimacho
1347 1546 1516 1594 tribuit
1540 1545 1737 1606 Suidas3

309 1628 441 1692 quod
483 1634 645 1675 tamen
690 1627 740 1674 in
786 1625 1030 1674 hodiernis
1079 1640 1198 1687 quas
1242 1631 1418 1673 vocant
1457 1624 1739 1673 Callimachi

308 1705 522 1769 reliquiis
567 1719 806 1768 nusquam
853 1710 1101 1768 comparet
1119 1723 1132 1761 3
1203 1709 1258 1750 ut
1310 1702 1480 1751 merito
1531 1704 1739 1752 dubitari

280 1784 458 1848 ⁴possit
501 1799 666 1830 annon
712 1782 932 1848 Idyllium
986 1782 1129 1839 istud,
1192 1781 1322 1845 quod
1375 1781 1519 1829 hodie
1572 1781 1739 1830 Theo-

311 1860 482 1907 critum
533 1865 778 1906 auctorem
827 1857 1041 1922 praefert,
1094 1855 1255 1903 Suidae
1302 1857 1598 1920 temporibus
1647 1856 1737 1904 sub

311 1933 592 1983 Callimachi
605 1933 642 1961 ⁶³
678 1935 873 1983 nomine
909 1933 1313 1983 circumferretur.
1387 1935 1452 1983 Et
1486 1936 1593 2000 pari
1633 1935 1739 2001 qui-

310 2117 422 2155 quam
453 2117 610 2154 usquam
641 2117 665 2142 a
699 2104 879 2154 Sophocle
919 2105 996 2142 fieri
1053 2117 1192 2143 xvnr.
1261 2106 1346 2142 AEn.
1369 2117 1440 2151 111,
1462 2109 1553 2143 211.
1602 2104 1739 2142 Insulae

307 2175 453 2206 strenue
481 2175 656 2220 pernegat
688 2169 968 2208 Valckenaerz'us
981 2185 995 2214 ;
1052 2169 1152 2206 Ionio
1182 2168 1221 2205 in
1238 2181 1369 2219 magno
1388 2182 1476 2219 quas
1494 2168 1575 2206 dira
1597 2167 1738 2207 Celoeno

309 2246 420 2284 quem
435 2234 518 2272 vide
532 2248 643 2285 supra
656 2249 692 2285 p.
708 2239 796 2274 121.
823 2235 995 2287 AEschyl.
1049 2238 1130 2262 -“
1146 2232 1398 2283 diphthongus
1416 2247 1459 2280 α’,
1488 2238 1659 2284 sequente
1676 2246 1742 2271 vo·

312 2298 442 2348 Suppl.
477 2297 567 2338 265.
630 2300 830 2353 Χρανθεῖσ·
885 2299 995 2344 α’νῆκε
1050 2295 1133 2350 cali‚
1184 2309 1367 2348 nusquam
1417 2298 1623 2348 corripitur,
1672 2309 1740 2335 nec

309 2368 399 2411 ’γαῖα
412 2364 435 2403 †
447 2363 542 2411 μήνη
558 2363 615 2401 καὶ
628 2363 731 2410 δοίκη.
747 2361 995 2416 μηνεΐταιᾶκῃ
1050 2361 1183 2411 corripi
1209 2363 1364 2411 potest.”
1417 2362 1517 2400 Idem
1541 2362 1739 2401 Emendat.

311 2425 414 2463 Med.
441 2426 529 2463 Ald.
556 2427 652 2465 Rob.
685 2427 778 2464 unde
800 2426 995 2477 legendum
1051 2442 1110 2478 pp.
1131 2432 1167 2466 3.
1190 2426 1255 2466 65.

308 2492 442 2537 μηνί-τη
484 2489 573 2536 διίκη
617 2491 664 2528 R.
685 2491 727 2528 P.
809 2490 993 2537 Quamvis
1102 2490 1166 2529 63.
1196 2490 1341 2545 ὀδύνῃσι
1371 2491 1442 2527 duo
1471 2490 1612 2528 codices
1640 2489 1738 2528 Flor.

310 2554 472 2591 Aratum
491 2567 563 2592 non
580 2555 706 2605 magni
724 2555 832 2602 facio,
851 2568 923 2592 non
941 2560 996 2592 ta-
1048 2560 1085 2592 et
1122 2555 1213 2592 vat.
1238 2558 1275 2591 4.
1306 2558 1365 2590 10.
1415 2553 1511 2603 apud
1542 2552 1738 2605 Gaisford.

310 2631 395 2657 men
414 2619 538 2656 omnia
553 2620 661 2656 metri
680 2620 770 2657 vitia
787 2619 856 2668 ipsi
876 2621 994 2657 Arato
1049 2619 1200 2659 ὀδῦνεισι
1233 2620 1336 2659 Junt.
1366 2622 1479 2656 1540.
1525 2625 1740 2673 παραιφρο-

309 2683 527 2732 imputanda
572 2696 724 2720 censeo:
804 2683 995 2720 Phaenom.
1050 2683 1181 2722 νέον-πα
1202 2683 1292 2720 Vat.
1314 2686 1374 2718 10.
1403 2682 1500 2731 apud
1524 2682 1680 2720 eundem
1699 2687 1736 2721 et

311 2751 401 2792 573.
422 2747 566 2795 ἽἸμισυ
584 2748 649 2795 μέν
668 2764 726 2784 κεν
743 2747 839 2792 ’ἴδηαι
859 2745 998 2795 fae-rriu-
1050 2749 1107 2785 ed.
1134 2749 1236 2787 Junt.
1259 2750 1372 2784 1518.
1414 2746 1623 2798 Hesychius
1650 2747 1750 2786 Nm*

307 2828 388 2864 pov,
415 2810 524 2859 ἥμισυ
549 2811 579 2849 δ’
602 2811 681 2857 ἤδη.
717 2811 809 2849 ’ἴδοιο
839 2811 996 2850 restituit
1050 2812 1220 2860 σάμενος.
1274 2810 1525 2856 κατανοήσας.
1603 2810 1736 2848 Suidas

311 2876 495 2914 Schrader
533 2877 608 2916 PR.
642 2877 689 2914 ad
724 2876 921 2917 Emendat.
950 2878 993 2915 P'.
1050 2876 1289 2926 Νωσάμενος,
1322 2875 1470 2925 νοήσας,
1499 2875 1604 2925 quode
1629 2870 1737 2929 παρᾰ
