1864 3132
842 164 944 218 ³22¹

177 269 220 320 si
252 292 398 320 ωεντα
433 276 560 321 esset
579 270 643 324 ab
676 292 752 331 ιος,
793 286 904 320 cum
926 276 1091 321 tannen
1114 266 1235 320 nihil
1257 269 1447 320 minus:
1498 283 1612 321 narn

174 350 419 415 principio
440 367 618 403 vox-109
646 350 856 415 priorem
888 351 1160 401 sexcenties
1187 351 1318 416 apud
1344 350 1614 401 Homerum

174 429 421 494 producit,
452 428 655 492 ,corripit
688 444 752 476 ne
788 428 939 476 semel
968 429 1178 493 quidem.
1250 428 1444 477 Deinde
1474 445 1505 477 a
1527 441 1614 478 vo-·

176 506 270 555 cali
292 516 482 570 semper
502 505 776 564 inchoatur,
815 506 947 555 unde
971 506 1071 565 fiet,
1108 513 1162 556 ut
1189 507 1471 571 praecedens
1497 512 1615 558 τιθει

173 582 490 647 posteriorem
512 582 784 646 producere
807 596 906 631 non
930 582 1097 647 possit,
1123 598 1286 646 neque
1307 583 1431 633 adeo
1454 584 1616 633 versui

173 659 491 710 sustentando
513 675 604 723 par
627 675 746 707 esse.
801 658 888 707 Tu
905 674 1020 707 vero
1043 658 1170 724 lege,
1196 669 1439 718 wcov'vem-a,
1462 667 1614 724 etque

173 736 345 784 eodem
369 751 514 784 sensu
537 735 722 800 accipe,
757 752 855 802 quo
877 735 1056 801 passim
1079 736 1338 785 adhibetur
1359 735 1612 796 ννιοννειδεα,

170 813 599 873 violacei-coloris,
661 815 1027 882 subfuscum.¹²⁹

1124 815 1268 865 'Nam
1282 856 1295 877 .-
1323 817 1387 865 ab
1441 817 1613 866 eodem

171 892 311 941 fonte
332 914 435 941 waov
454 891 588 941 viola
611 892 810 957 profluit
833 899 1108 956 utrumque.

243 1061 334 1102 129.
364 1057 497 1095 Suidas
524 1055 671 1095 ’Ῑόεντα
703 1057 867 1114 σίδηρον.

172 1122 244 1160 τᾶν
285 1119 427 1170 μέλανα
476 1121 501 1160 i.
528 1136 561 1160 e.
603 1122 867 1175 ferrugineum

173 1188 282 1239 Virg.
320 1188 411 1226 Buc.
444 1201 490 1235 x,
521 1192 586 1234 39.
660 1188 714 1225 Et
748 1188 865 1240 nigrae

170 1253 284 1291 violae
299 1258 398 1300 sunt,
417 1266 464 1291 ex
482 1253 640 1291 Theocr.
662 1253 717 1290 Id.
739 1266 783 1301 x,
801 1257 866 1292 28.

173 1319 253 1356 Kal
290 1318 343 1356 'ro‘
375 1320 432 1356 ἰὀν
466 1319 585 1370 [Pion]
621 1318 740 1367 μέλαν
775 1318 865 1365 ἐντὶ,

175 1395 320 1428 xxm,
348 1387 412 1428 29.
458 1383 538 1420 Καὶ
573 1383 624 1422 τὰ
657 1385 715 1427 ἴον
752 1383 867 1422 καλόν

173 1449 280 1489 ἔστιν
308 1448 346 1487 ἐν
377 1449 482 1501 εἴαρι,
519 1447 577 1485 καὶ
610 1448 717 1501 *taxii
750 1450 866 1501 γηρᾷ·

173 1513 257 1564 [32.
302 1509 378 1549 Καὶ
407 1511 544 1549 κάλλος
574 1510 689 1549 καλόν
711 1513 797 1552 ἐστι
817 1511 869 1549 τὸ

174 1575 342 1624 παδικὸν,
379 1576 464 1615 ἀλλ’
499 1579 629 1625 ὀλίγον
663 1577 722 1631 ζῇ.
778 1578 868 1615 Pru.-

172 1643 317 1680 dentius
336 1643 400 1682 Pr.
420 1647 485 1681 22.
523 1643 606 1679 dum
631 1630 711 1680 sita
739 1642 867 1681 volens

173 1710 386 1761 agit—cod.
424 1709 639 1755 Thuaneus,
687 1715 779 1749 teste
815 1710 867 1747 N.

174 1776 342 1822 Heinsio,
379 1776 505 1813 *colans
535 1775 598 1813 alii
627 1781 664 1814 et
691 1776 868 1831 Vaticeni

173 1855 327 1889 omnes;
355 1841 408 1880 sic
426 1847 558 1880 contra
574 1842 797 1893 Symmach.
814 1854 866 1888 11,

173 1912 401 1952 314=l99.
435 1908 492 1945 ed.
526 1908 653 1945 Parm.
688 1907 775 1945 vitoe
805 1921 870 1945 vo-

145 1973 149 1978 ’
173 1974 286 2014 lucris
317 1973 387 2010 sibi
415 1979 586 2022 posceret
617 1987 702 2011 usus
735 1974 784 2011 R.
804 1973 868 2024 B.]

177 2040 320 2091 Odyss-
342 2040 389 2085 Ε,
411 2038 479 2078 56.
512 2038 656 2077 πόντου
683 2039 759 2089 βαξ-
789 2041 870 2080 Flo-

176 2102 319 2145 Ρειδέος
333 2105 384 2151 Λ,
402 2101 489 2142 106.
507 2104 711 2156 προφω-γῶν
725 2104 869 2144 Repet-

175 2165 242 2204 δέα
261 2165 415 2214 πόντον,
434 2167 504 2204 τόν
516 2167 710 2215 μελανοίδη
729 2167 869 2217 ἔλαβεν

176 2230 309 2281 Etym.
329 2231 388 2268 M.
405 2235 496 2278 473,
522 2237 583 2270 12.
626 2232 671 2269 Il.
696 2234 748 2280 Δ,
775 2237 867 2272 242.

177 2294 264 2334 Solo
278 2294 377 2343 apud
392 2294 584 2331 Plutarch.
599 2308 637 2343 p.
649 2299 715 2339 93.
729 2296 774 2333 B.
794 2296 869 2333 Ku'-

176 2376 260 2413 πρις·
289 2359 530 2411 ἲοστέφανοφ·
560 2359 656 2397 conf.
676 2360 783 2398 Pind.
804 2360 870 2399 Ol.

175 2437 237 2473 v1,
254 2429 318 2463 50.
334 2425 450 2476 Pyth.
468 2436 498 2472 1,
511 2429 551 2463 2.
567 2423 775 2471 11.A,242.
795 2426 872 2479 Αρ-

176 2496 285 2540 γεῖοι,
314 2489 505 2544 Ριόμωροι,
537 2495 559 2513 “
574 2490 702 2528 Multa
725 2490 785 2529 hic
809 2492 874 2529 ad-

178 2560 309 2593 notant
331 2555 414 2592 Viri
436 2554 563 2601 Docti,
594 2566 677 2604 quae
694 2567 768 2593 non
787 2560 873 2593 sunt

179 2617 287 2655 unius
303 2617 410 2656 assis.
452 2617 584 2656 Nihilo
602 2617 757 2656 meliora
774 2623 872 2666 sunt,

180 2691 263 2730 quae
282 2680 534 2732 Etymologici
551 2683 708 2728 Auctor,
740 2682 875 2720 Eusta-

182 2742 281 2783 thius
301 2748 338 2784 et
357 2744 547 2797 Didymus
565 2746 614 2785 ad
627 2745 724 2784 hunc
747 2745 872 2786 locum

921 1062 1007 1096 sunt
1025 1057 1282 1104 comm‘entati,
1314 1070 1405 1108 quos
1423 1057 1521 1096 vide.
1547 1058 1616 1097 ’16-

919 1139 1049 1177 μωροι,
1079 1135 1165 1170 non,
1194 1127 1235 1160 ut
1253 1122 1367 1173 vulgo
1384 1128 1547 1172 putatur,
1565 1125 1614 1162 ab

920 1188 971 1227 ι’ὀς
989 1188 1147 1239 sagitta,
1177 1189 1240 1226 sed
1259 1190 1306 1226 ab
1324 1190 1380 1226 ἰὀν
1398 1189 1495 1227 viola
1511 1204 1523 1227 :
1559 1191 1612 1233 ἷδς

920 1253 1033 1300 enim,
1063 1254 1218 1305 sagitta,
1241 1246 1429 1305 syllabam
1449 1256 1612 1305 primam

918 1322 1034 1359 habet
1063 1322 1244 1372 lougam;
1284 1323 1341 1360 ἰὀν
1369 1336 1470 1371 vero,
1501 1324 1613 1370 viola,

895 1417 897 1420 .
919 1399 1065 1435 semper
1082 1394 1318 1437 correptam:
1350 1390 1447 1439 quod
1475 1389 1614 1440 liquido

884 1479 888 1490 2
921 1451 1038 1491 cuivis
1056 1453 1209 1501 patebit,
1235 1454 1297 1502 qui
1313 1453 1398 1491 loca
1413 1455 1553 1501 omnia,
1575 1456 1614 1493 in

921 1516 1051 1567 quibus
1091 1516 1170 1566 haec
1206 1530 1282 1554 vox
1318 1519 1488 1566 occurrit,
1527 1533 1615 1558 con-

921 1581 1056 1630 tulerit.
1087 1584 1091 1585 ⁷
1113 1581 1235 1635 Dehet
1262 1595 1349 1633 ergo
1377 1584 1415 1621 in
1442 1584 1508 1623 illo
1533 1585 1615 1623 Ho-

921 1644 1015 1682 meri
1038 1645 1156 1692 reddi,
1176 1644 1270 1698 fato
1296 1646 1400 1685 violoe
1424 1648 1613 1700 destinati,

921 1710 944 1747 i.
964 1722 997 1747 e.
1027 1710 1149 1747 br'evis
1178 1711 1250 1748 aevi
1266 1727 1276 1757 ;
1316 1725 1424 1751 sensu
1449 1713 1561 1764 plano
1578 1719 1616 1762 et

922 1773 1125 1824 perspicuo,
1162 1779 1272 1825 atque
1307 1781 1425 1814 metro
1460 1777 1617 1829 integer-

921 1839 1049 1876 rimo.’'
1090 1837 1229 1876 Anton.
1249 1839 1397 1878 Askew.
1420 1842 1519 1890 apud
1549 1841 1618 1879 Al-

923 1903 1012 1940 bert.
1060 1902 1107 1939 ad
1149 1902 1318 1954 Hesych.
1361 1918 1397 1942 v.
1431 1905 1614 1960 Ἰόμωροι·

923 1966 973 2004 R.
993 1966 1047 2004 D.
1067 1966 1179 2005 Misc.
1199 1968 1295 2006 Crit.
1314 1981 1411 2006 anno
1434 1973 1550 2017 1745,
1580 1976 1617 2008 et

923 2032 1107 2083 Hesychii
1142 2033 1226 2072 Vol.
1261 2046 1312 2071 11.
1361 2048 1459 2073 anno
1497 2034 1615 2083 1766,

923 2098 1067 2148 prodiit.
1133 2099 1204 2136 Vir
1242 2105 1369 2139 autern
1404 2101 1617 2150 perdoctus,

924 2163 1128 2201 Gulielmus
1164 2163 1308 2212 Battie,
1351 2166 1508 2217 Collegii
1545 2168 1620 2205 Re-

922 2228 1016 2279 galis
1052 2227 1143 2266 olim
1177 2229 1312 2276 socius,
1348 2230 1380 2269 si
1418 2231 1485 2269 rite
1519 2232 1618 2275 lecta

922 2293 1102 2340 recordor,
1139 2294 1307 2332 alterutri
1338 2308 1467 2333 veram
1505 2297 1617 2348 hujus

923 2358 1119 2408 compositi
1155 2359 1234 2396 vim
1269 2362 1520 2407 monstravit3
1578 2368 1616 2401 et

925 2424 1013 2462 MS.
1037 2423 1160 2461 nescio
1179 2424 1258 2475 quis
1277 2424 1371 2463 inter
1389 2425 1504 2465 lineas
1530 2426 1619 2466 ω’κῦ-

924 2506 1035 2543 μοροι
1070 2489 1195 2527 habet.
1272 2489 1466 2531 Cleanthis
1502 2493 1542 2531 h.
1577 2494 1620 2534 iu

926 2553 1073 2600 Jovem,
1106 2557 1144 2592 4.
1191 2554 1257 2592 Ἐκ
1297 2556 1367 2593 σοῦ
1400 2557 1475 2610 ’γάρ
1512 2556 1622 2606 γένυν

926 2617 1048 2666 ἐσμὲν,
1069 2619 1121 2665 ι’ἦς
1139 2620 1283 2668 μίμημα
1297 2622 1491 2675 λαχόντες
1509 2622 1617 2661 Μοῦ-

928 2700 1000 2730 νον,
1032 2683 1144 2736 Lege,
1162 2685 1230 2722 ἰὀυ.
1259 2684 1473 2737 Hesychius
1491 2700 1529 2725 v.
1545 2688 1621 2726 ’Io-

926 2748 1080 2801 φόσσα,
1140 2755 1176 2788 et
1222 2750 1348 2790 Schol.
1394 2753 1442 2790 ad
1489 2752 1619 2802 Apoll.
