1864 3132
836 265 938 320 577.

168 368 288 418 Non
313 369 518 418 deerunt
539 367 757 427 fortasse,
790 368 965 434 quibus
987 361 1199 432 placebit
1219 387 1413 433 αιρωμεν.
1469 364 1597 415 Mihi

167 462 284 494 vero
305 446 508 494 alterum
531 445 648 494 illud
670 446 825 512 magis
844 445 1047 493 adridet.

236 531 293 580 V.
325 543 419 580 142.

304 625 341 668 Γ
342 643 508 671 υναικας
542 619 684 669 ὕπνων
717 643 804 669 εστ
836 643 938 669 ave-v
971 623 1131 683 ψωλᾶς·
1162 635 1308 676 novae·

751 538 947 581 Χαλεπα
979 554 1056 590 μεν
1085 554 1152 581 ναι
1185 555 1252 581 τω
1285 554 1366 582 σιω

300 701 431 753 Ομως
465 718 526 759 ’γε
559 720 590 754 μ
625 720 678 747 av
695 694 784 745 χδει·
830 719 910 749 τας
944 719 1041 763 ’γαρ
1074 719 1243 762 ειρανας
1275 705 1367 756 μαλ
1387 720 1449 746 av
1480 698 1555 746 .³⁰⁴

170 783 419 850 Principio
443 803 506 834 ne
530 787 669 835 ὕπνων
700 787 910 851 priorem
950 787 1205 851 producat,
1241 787 1602 836 rescribendum

169 867 245 908 est
282 868 466 910 mutato
489 856 760 912 'verborum
799 863 970 911 ordine
1011 869 1218 915 Γυναικας
1256 873 1362 912 ΕΣΘ
1391 872 1602 911 ΥΠΝΩΝ.

171 935 366 986 Deinde
411 939 608 988 omnino
659 940 927 988 audiendus
983 946 1057 987 est
1113 940 1187 987 Cl.
1234 939 1470 988 Kusterus
1521 938 1606 1002 qui

169 1017 203 1036 “
220 1012 359 1080 Lege
383 1014 586 1079 (inquit)
604 1044 670 1051 —
687 1038 772 1072 μαν
791 1013 866 1064 δει.
903 1015 1116 1063 Lacaena
1138 1015 1266 1062 enim
1290 1015 1369 1062 hic
1391 1015 1607 1078 loquitur

170 1094 204 1113 “
225 1091 401 1155 quibus
421 1115 504 1150 μαν
525 1093 776 1142 dicebatur
798 1109 889 1159 pro
910 1097 1042 1150 μην.”
1113 1092 1259 1141 Felix
1294 1092 1530 1155 profecto,
1566 1090 1606 1139 si

171 1167 243 1215 sic
280 1170 444 1217 omnia
481 1172 693 1220 dixisset.
767 1172 1046 1221 Leviculum
1086 1187 1232 1235 porro
1266 1171 1394 1218 istud
1428 1170 1608 1218 addere

170 1245 406 1312 potuisset
420 1262 510 1310 pro
525 1248 770 1296 communi
789 1271 849 1311 γε
865 1249 1173 1297 scribendum
1190 1264 1294 1295 esse
1311 1247 1608 1295 Laconicum

173 1321 261 1380 ’γα-.-
326 1319 501 1368 Restat
520 1337 636 1373 vero
653 1323 784 1370 aliud
807 1323 1252 1388 nequaquamleve.
1324 1322 1453 1383 Quid
1478 1321 1608 1369 enim

174 1398 365 1441 tantum
387 1393 440 1441 in
461 1393 767 1444 librariorum
802 1405 948 1462 atque
983 1399 1218 1445 editorum
1255 1406 1453 1463 gentem
1479 1413 1610 1444 com·-

176 1461 370 1518 mittere
391 1471 550 1534 potuit
571 1472 701 1519 bona
725 1473 950 1530 Lacaena,
991 1481 1046 1521 ut
1080 1476 1365 1530 orationem,
1405 1496 1486 1524 τας
1516 1482 1612 1536 ’γάρ

175 1568 344 1612 ειρανας
379 1555 476 1603 μαλ
508 1571 577 1606 av,
617 1565 761 1596 sensu
792 1550 936 1613 plane
977 1564 1159 1597 cassam
1194 1566 1252 1597 ac
1286 1550 1541 1596 barbaram
1565 1548 1612 1596 ei

176 1623 468 1673 tribuerint?
524 1625 583 1673 In
622 1626 726 1689 ipsa
763 1643 879 1675 vero
920 1626 1011 1673 hac
1047 1626 1318 1692 stribligine
1352 1642 1480 1673 verae
1515 1625 1614 1672 lec·
1646 1622 1653 1631 “

177 1701 323 1749 tionis
345 1702 551 1768 vestigia
586 1702 702 1750 mihi
731 1704 898 1751 videor
932 1704 1337 1767 deprehendisse:
1375 1701 1614 1751 Nostrum

178 1780 348 1845 utique
371 1781 617 1844 scripsisse
641 1781 955 1830 crediderim:

778 1893 860 1921 τας
894 1891 988 1935 ’γαρ
1024 1890 1193 1935 ειρανας
1229 1876 1422 1916 ΜΕΛΕῙ.

179 1969 280 1993 ⁵-
290 1972 399 2020 pax
422 1956 553 2006 enim
575 1973 704 2008 curae
730 1964 815 2005 est.
855 1958 944 2006 Vel
968 1958 1107 2016 forte,
1134 1959 1262 2023 quod
1286 1964 1336 2004 et
1353 1973 1387 2029 a
1408 1955 1618 2021 vulgatae
1651 1961 1751 2016 337

179 2035 430 2098 scripturae
469 2051 589 2082 sono
623 2036 821 2099 propius
861 2037 1013 2094 abest,
1062 2047 1234 2084 ΜΕΛΩ.
1250 2035 1467 2099 —pacis
1489 2034 1620 2082 enim

181 2128 347 2160 curam
385 2113 556 2162 habeo.
629 2113 762 2162 Nam
802 2122 852 2162 et
892 2117 997 2163 haec
1043 2115 1273 2180 loquendi
1320 2116 1444 2162 ratio
1487 2115 1619 2163 bene

184 2188 361 2235 Graeca
394 2196 482 2236 est.
555 2190 635 2237 Sic
666 2193 795 2255 apud
830 2192 1119 2257 Sophoclem
1156 2193 1236 2259 Aj.
1272 2199 1355 2247 697
1390 2194 1536 2258 (689).
1572 2197 1622 2240 et

185 2263 340 2312 Elect.
366 2274 450 2312 343
478 2268 622 2327 (342).
1446 2288 1460 2305 ι

323 2354 508 2405 Τιματε·
549 2355 723 2415 Τευκρῳ
740 2375 794 2411 nr,
836 2377 886 2410 ην
912 2363 1039 2425 μολῃ,
1077 2378 1305 2425 σημῃνατε

244 2465 338 2499 304.
367 2465 393 2483 ‘⁴
414 2476 463 2508 γα
481 2460 554 2508 μᾶν
572 2460 628 2498 δεῖ
642 2462 713 2498 τᾶς
743 2460 882 2511 Scalig.
937 2465 985 2501 ad
1005 2465 1119 2515 Greg.
1137 2479 1173 2515 p.
1196 2471 1284 2503 110.
1313 2452 1489 2516 Burgess.
1532 2464 1626 2503 Cra-

185 2527 244 2574 (ut
275 2526 411 2574 Rav.);
447 2541 490 2573 γε
518 2525 592 2572 μάν
623 2525 882 2573 BIS—pinea
936 2530 1034 2575 tin-us
1062 2532 1159 2579 apud
1190 2530 1329 2568 Athen.
1351 2542 1429 2575 xv,
1457 2527 1549 2574 669.
1580 2529 1625 2567 Β.
1692 2546 1693 2550 ’

190 2589 279 2627 MS.
299 2592 429 2628 recte.’'
469 2589 519 2626 R.
535 2589 583 2626 Β.
622 2594 648 2612 “
669 2588 772 2627 Infra
792 2593 882 2628 502-
935 2594 1066 2648 μάχης·Ι
1081 2594 1110 2633 δ’
1127 2595 1278 2634 ἄλλοισι
1300 2595 1357 2632 καὶ
1376 2595 1490 2631 πόνου
1509 2592 1628 2638 μέλοι.
1684 2642 1686 2644 ¹

191 2655 297 2702 ’Υμῒν
324 2654 365 2693 δέ
391 2655 505 2694 πόθεν
523 2654 607 2707 περὶ
627 2655 699 2692 τοῦ
717 2654 883 2702 πολέμου
938 2655 989 2694 R.
1009 2657 1056 2695 P.
1088 2659 1226 2696 Advss.
1247 2672 1285 2708 p.
1310 2662 1397 2694 144.
1426 2658 1532 2703 (Eur.
1556 2656 1628 2693 Ph.

193 2717 307 2755 ΤΗΣ
325 2719 361 2755 τ’
382 2718 632 2756 ΕΙΡΗΝΗΣ
653 2719 886 2764 ἐμέλησεν;”
939 2725 1034 2765 942.
1060 2721 1188 2761 ἄλλοις
1205 2723 1358 2770 μελήσει
1379 2721 1502 2772 τᾳῦτ’.
1530 2720 1631 2757 Aeh.

198 2783 247 2820 R.
261 2782 309 2820 P.
328 2785 425 2832 apud
446 2783 610 2821 P.P.D.
641 2783 750 2822 Cous.
771 2783 887 2833 Toup.
941 2789 1059 2831 931.;
1089 2787 1172 2835 Iph.
1192 2787 1238 2823 T.
1260 2791 1323 2822 40.
1353 2785 1500 2836 σφάγια
1517 2783 1634 2823 δ’ἅλ·

199 2848 247 2885 ad
267 2847 370 2886 Suid.
390 2861 441 2888 11.
465 2847 686 2888 164=426.
714 2856 751 2888 et
767 2849 888 2888 Koen.
943 2855 1063 2887 λοισιν
1079 2849 1181 2897 μέλει
1199 2848 1368 2902 ἄρρητ’).
