1864 3132
766 245 869 294 225

105 351 319 401 denotat.
413 350 606 402 Deinde
663 351 779 399 mihi
830 353 1145 402 vehementer
1194 358 1419 418 suspecta
1463 358 1539 401 est

105 430 358 494 scripturae
401 429 536 477 istius
582 433 763 478 AFYTO
810 430 945 488 fides,
1010 431 1191 496 quippe
1237 446 1348 479 cum
1394 454 1541 488 αυτ-ος,

107 507 179 555 uti
225 507 369 556 hodie
413 506 683 566 scribimus,
727 507 779 555 in
818 509 1040 563 omnibus
1081 509 1290 558 Graeciae
1328 508 1546 556 dialectis

107 591 347 649 perpetuo
370 585 431 632 sit
454 584 722 649 disyllaba3
761 601 860 633 non
885 601 1097 649 possum,
1135 586 1254 650 quin
1285 585 1403 634 mihi
1435 600 1548 648 per·

109 663 352 720 suadeam,
388 662 608 726 primitus
632 671 884 712 exaratum
914 664 1063 712 fuisse
1100 670 1262 722 APTO,
1293 688 1350 714 το
1373 675 1409 713 Υ
1429 680 1548 713 vero

108 756 139 788 a
172 739 446 788 recentiore
481 756 628 789 manu
662 742 972 805 adscriptum,
1010 757 1110 805 quo
1142 742 1438 790 indicaretur
1460 757 1549 806 po·

108 825 258 867 testas
298 817 540 867 elemento
581 824 610 867 Ρ
637 810 743 886 jam
780 819 935 871 rarius
968 820 1244 868 occurrenti
1274 820 1547 868 tribuenda.

111 894 266 942 Porro
310 900 473 951 autem
518 894 754 961 reliquam
799 896 1125 960 inscriptionis
1180 904 1385 960 partem,
1447 906 1551 943 AN-

112 980 282 1019 ΔΡΙΑΣ
327 980 428 1018 ΚΑΙ
474 981 550 1020 ΤΟ
599 982 833 1032 ΣΦΕΛΑΣ,
891 970 1155 1037 'perperam
1209 971 1553 1038 repraesentari

112 1046 363 1096 confirmo.
423 1047 646 1097 Postulat
678 1050 849 1115 utique
883 1051 1117 1099 sermonis
1151 1050 1294 1098 soluti
1327 1050 1467 1106 ratio,
1497 1055 1553 1096 ut

110 1124 342 1175 articulus
376 1126 484 1173 voci
516 1133 614 1174 tam
649 1125 818 1193 ανδριας
850 1143 994 1193 quam
1026 1134 1200 1195 σφελας
1221 1127 1550 1192 praeficiatur;

113 1211 166 1252 ut
187 1205 310 1259 adeo
334 1205 507 1254 evadat
529 1206 554 1253 ὁ
577 1204 793 1272 ανδριεις53
828 1208 857 1238 '³
879 1230 948 1256 και
972 1229 1029 1255 το
1055 1212 1260 1273 σφελαςς
1297 1211 1384 1252 aut
1406 1204 1552 1252 etiam
1594 1212 1684 1253 133

96 1283 271 1335 ‘adhuc
314 1284 462 1334 multo
499 1286 770 1344 rotundius,
813 1286 838 1334 ὁ
871 1308 927 1334 τε
958 1282 1127 1350 ανδριας
1162 1307 1230 1332 και
1263 1306 1323 1332 το
1358 1288 1551 1349 σφελας.

114 1362 376 1426 Inscriptio
406 1369 586 1421 autem,
626 1369 772 1427 prout
803 1363 949 1411 hodie
983 1363 1258 1418 exhibetur,
1296 1361 1348 1408 in
1372 1359 1551 1408 nullam

117 1440 259 1488 metri
298 1439 511 1503 speciem
550 1441 692 1489 cadit.
765 1441 940 1505 Itaque
980 1439 1176 1489 tandem
1216 1436 1552 1500 reponendum

119 1529 330 1563 censeo:

140 1622 145 1625 -
208 1598 282 1637 TO
330 1595 474 1638 APTO
521 1600 655 1639 ΛΙΘΟ
701 1599 805 1639 ΕΜΙ
852 1599 889 1638 O
934 1600 1005 1638 TE
1044 1597 1297 1636 ΑΝΔΡΙΑΣ
1337 1596 1437 1634 ΚΑΙ
1477 1595 1551 1634 ΤΟ

453 1677 703 1716 ΣΦΕΛΑΣ;

121 1753 168 1801 h.
204 1767 246 1801 e.
293 1754 333 1801 si
378 1760 664 1818 potestatem
709 1761 911 1820 spectes,
959 1764 1032 1802 ΤΩ
1078 1759 1220 1802 ΑΡΤΩ
1267 1761 1399 1800 ΛΙΘΩ
1443 1761 1554 1800 HMI

40 1836 43 1837 ’
122 1840 159 1879 O
204 1831 467 1891 TE—Quae
511 1833 766 1896 scriptura,
814 1833 931 1897 quin
977 1847 1214 1897 germana
1257 1829 1334 1888 sit,
1393 1830 1555 1887 faciet,

120 1905 308 1969 opinor,
354 1908 486 1971 quod
520 1908 846 1972 superioribus
884 1908 989 1973 jam
1020 1907 1295 1973 adjecturus
1331 1922 1453 1962 sum,
1502 1910 1557 1952 ut

121 2001 265 2041 nemo
302 1986 531 2050 deinceps
573 1986 783 2034 dubitet.-
845 1985 1041 2050 Nempe
1076 1985 1319 2033 breviores
1356 1974 1572 2046 inserip-‘

122 2062 278 2111 tiones
302 2070 456 2111 metro
479 2063 582 2111 fere
604 2063 768 2128 aliquo
789 2063 1011 2111 concludi
1044 2063 1201 2110 solent
1222 2081 1232 2111 :
1288 2078 1347 2109 eo
1375 2069 1556 2119 autem,

125 2154 223 2202 quo
272 2140 378 2204 jam
419 2142 738 2199 exhibuimus,
793 2142 936 2189 modo
987 2140 1258 2205 perfectum
1315 2139 1558 2187 senarium

126 2214 376 2273 habemus,
410 2216 478 2264 sic
500 2218 670 2281 utique
694 2217 1067 2281 concipiendum
1088 2235 1098 2266 ε

288 2297 462 2342 Τανντω
489 2299 566 2342 λιθ
587 2318 646 2351 ημ
665 2296 690 2342 ὁ
710 2318 742 2343 τ
764 2293 934 2361 ανδριας
956 2318 1026 2342 και
1048 2318 1104 2343 το
1126 2300 1304 2360 σφελας
1318 2294 1356 2320 ⁵4

128 2379 204 2429 vel
241 2381 280 2427 Sl
318 2377 470 2427 EMMI
509 2381 658 2439 malls,
697 2387 874 2430 Taw‘rw
907 2385 1015 2430 λιθω
1043 2404 1108 2436 μμ.
1139 2380 1371 2427 ‹3—C1'asi
1396 2386 1559 2428 autem

128 2457 222 2514 isti,
265 2471 363 2520 qua
398 2458 507 2504 λιθω
536 2479 606 2513 ημι
646 2457 695 2504 in
730 2460 807 2505 λιθ
839 2468 912 2513 ἠμι
947 2458 1139 2521 migrat,
1180 2455 1386 2520 gemella
1424 2471 1559 2518 pror-

129 2548 209 2581 sus
244 2542 317 2582 est
354 2549 497 2597 quam
526 2533 658 2597 apud
691 2534 1061 2597 Aristophanem
1086 2532 1297 2579 Acharn.
1324 2539 1423 2579 860.
1461 2546 1560 2579 ser-

132 2625 274 2658 mone
292 2611 462 2670 itidem
486 2610 680 2659 AEolico
702 2611 928 2675 scriptam
951 2610 1174 2675 legimus,

189 2767 253 2801 53.
282 2763 394 2814 Finge
406 2752 516 2801 modo
527 2761 686 2814 ἀνδριάς,
704 2761 742 2798 id
753 2767 820 2810 est,
929 2765 993 2800 54.
1021 2760 1119 2799 Vide
1130 2759 1181 2799 R.
1195 2759 1244 2801 Β.
1259 2759 1410 2797 Meadio
1421 2771 1457 2807 p.
1470 2761 1560 2796 253.

138 2826 278 2867 AEolice
294 2827 453 2880 ἀνδριάς,
473 2833 510 2866 et
526 2826 654 2866 omnia
670 2825 793 2876 plana.
876 2831 913 2865 et
930 2825 979 2864 R.
991 2825 1046 2866 D.
1058 2825 1097 2864 in
1115 2823 1285 2874 Append.
1298 2836 1334 2874 p.
1350 2820 1563 2867 19*-21*.
