1786 3178
769 250 1043 285 paim-xmo.
1571 228 1622 277 iii

186 350 237 399 S.
262 350 311 398 S.
349 348 492 398 T'rin.
524 347 666 406 coll„
702 346 972 404 Sociorum,
1009 345 1093 409 qui
1126 344 1176 392 in
1209 357 1468 407 operarum
1496 341 1622 390 vitiis

174 436 480 503 'corrigendis
502 440 672 482 mutuo
694 432 786 481 sibi
810 431 1187 496 opitulabantur.
1242 428 1351 477 Hac
1375 429 1436 476 de
1464 443 1518 475 re
1542 442 1619 474 me

181 523 434 570 certiorem
458 520 575 569 fecit
596 520 670 569 vir
698 519 1064 576 eruditissimus,
1087 517 1354 566 Rmmnus
1375 515 1617 571 Pinum,

180 611 303 662 Coll.
328 612 502 661 Eman.
526 609 770 674 quondam
796 607 1040 674 Magister
1062 605 1420 654 celeberrimus.

247 697 544 755 Dawesium,
578 701 725 743 acuto
748 701 798 743 et
829 693 1101 759 perspicaci
1125 692 1313 758 judicio
1348 690 1620 755 praeditum,

179 788 286 834 ‘sese
329 783 538 832 Bentleii
574 782 778 830 inimicis
814 780 1069 837 addixisse,
1110 786 1160 827 et
1198 778 1248 825 in
1285 782 1318 801 “
1339 778 1432 824 hoc
1469 790 1621 823 aureo

179 870 373 919 libello”
422 874 452 895 “
477 868 746 917 Britanniae
791 869 938 916 decus
983 864 1284 914 immortale”
1325 862 1622 927 inspersisse,

180 958 288 1005 sine
310 956 446 1004 luctu
469 966 846 1002 commemorare
881 968 980 1017 non
1014 966 1227 1015 possum.
1299 954 1330 974 “
1353 949 1467 997 Huc
1491 948 1620 996 enim

178 1042 364 1093 referre
386 1042 551 1101 soleo,
600 1042 732 1105 quod
769 1041 821 1089 in
866 1039 1199 1089 Miscellaneis
1245 1037 1439 1085 Criticis
1484 1050 1622 1084 occa-

175 1124 768 1193 ''sio'nemqualemcunque
785 1126 986 1190 arripiat
1005 1127 1066 1174 de
1082 1125 1304 1173 laudibus
1324 1123 1622 1172 Bentleianis

178 1215 481 1275 detrahendi,
504 1216 738 1281 illumque
761 1215 905 1263 etiam
932 1212 1298 1262 Dissertationis
1318 1211 1623 1260 Phalarideae

176 1304 442 1365 auctorem,
461 1305 580 1353 nihil
594 1304 646 1353 in
664 1304 852 1354 Graecis
870 1303 1172 1370 cognovisse,
1191 1302 1283 1351 nisi
1301 1318 1361 1350 ex
1376 1301 1623 1350 Indicibus

177 1393 395 1456 petitum.
466 1393 715 1442 Indicibus
755 1394 951 1457 quidem
994 1393 1071 1441 vel
1113 1392 1332 1450 aliorum,
1386 1390 1463 1440 vel
1501 1405 1532 1438 a
1571 1405 1624 1437 se

179 1480 284 1542 ipso
338 1481 402 1528 ex
456 1495 545 1527 sua
589 1477 990 1528 Adversariorum
1043 1478 1341 1542 supellectile
1387 1476 1625 1526 confectis

167 1554 323 1614 'usum
356 1565 522 1622 fuisse,
557 1565 823 1628 probabile·
845 1572 943 1614 est.-
992 1564 1068 1612 Εἰ
1103 1564 1271 1628 quidni
1301 1578 1418 1612 usus
1439 1560 1626 1632 fuerit?

180 1651 240 1700 In
262 1659 317 1700 re
339 1651 519 1726 subtili,
554 1651 640 1700 ubi
678 1650 887 1700 maxime
912 1649 1139 1700 bmnium
1175 1648 1328 1721 fallax·
1349 1647 1464 1698 ess'e
1494 1630 1627 1698 solet

119 1752 122 1753 ⁷
181 1739 428 1797 memoria,
487 1734 586 1787 cur
611 1736 957 1803 exprobretur
1008 1736 1148 1804 quod
1191 1722 1438 1790 memoriae¹
1485 1735 1625 1803 adju-

180 1829 347 1876 mento
390 1827 468 1885 sit,
610 1879 627 1894 -,
733 1824 957 1874 nescio.
1049 1821 1196 1879 Hanc
1239 1812 1379 1873 vei&
1399 1822 1623 1881 Indicum

181 1917 324 1980 opem
363 1914 514 1970 uehi)
529 1917 591 1964 πῖ
683 1919 689 1926 ”
701 1884 998 1973 desideret,
1045 1929 1190 1979 quam
1230 1911 1515 1963 Bentleiu‘s.
1559 1912 1625 1961 Et

182 2001 285 2066 qni
291 1980 587 2060 mm
610 1986 1019 2070 affi'rideae
1051 2000 1418 2049 Dissertationis
1453 2016 1623 2048 omnes

184 2086 561 2137 doctrinaesuoe
568 2103 596 2135 c
618 2092 629 2097 ’
658 2091 667 2127 2.
784 2085 792 2134 ἕ

182 2173 257 2222 vel
282 2173 496 2237 potuisse
521 2166 687 2220 etiam
686 2211 699 2229 ‚
727 2169 800 2219 ‘ne
835 2188 946 2219 eum
980 2172 1125 2236 plane
1159 2173 1379 2235 iniquum
1415 2172 1625 2222 fecerint

799 2078 941 2139 :istis
965 2087 1267 2135 adminiculis
1291 2088 1366 2136 vel
1389 2088 1622 2146 hausisse,

184 2260 388 2322 partium
415 2259 620 2307 studia.”
668 2258 991 2323 Burgessz‘us.

257 2355 378 2395 1747.
451 2345 687 2392 Libellum
729 2345 860 2392 horis
899 2344 1161 2393 subsecivis
1197 2346 1536 2409 conscriptum,
1573 2353 1624 2394 et

191 2428 764 2493 Tittle-tattle-mongers
821 2437 1170 2494 nuncupatum,
1229 2431 1280 2479 in
1333 2432 1477 2490 viros,
1536 2433 1619 2497 qui

186 2519 432 2590 municipii
470 2519 543 2566 sui
577 2520 721 2568 rebus
746 2520 963 2568 civilibus
984 2520 1301 2583 praefuerunt,
1345 2520 1620 2568 inconsulto

182 2607 352 2654 emisit.
422 2606 714 2654 Particulam
751 2624 811 2655 ex
846 2608 938 2654 hoc
970 2606 1128 2654 libello
1152 2606 1357 2654 maxime
1383 2622 1616 2654 memora-

181 2696 327 2744 bilem
352 2702 401 2744 et
426 2695 548 2742 scitu
572 2696 766 2761 dignam
790 2696 840 2743 in
865 2695 1198 2759 Appendicem
1224 2695 1426 2759 conjeci.

247 2793 317 2830 25.
346 2782 477 2845 Sept.
511 2791 630 2834 1749.
690 2782 809 2828 rude
845 2782 1074 2828 emeritus
1107 2780 1207 2828 otio
1240 2781 1343 2828 sine
1377 2781 1616 2845 dignitate

183 2869 436 2917 fruebatur
478 2868 585 2916 vico
631 2867 837 2932 Anglice
876 2867 1005 2914 dicto
1052 2864 1455 2913 Heworth-shore
1468 2884 1490 2921 ;
1545 2871 1610 2922 et,
