1864 3132
874 205 972 259 501

208 312 406 376 Nempe
439 312 544 361 haec
577 311 694 360 dicit
726 305 917 360 Chorus
956 311 1018 360 de
1047 310 1191 359 Irene
1230 309 1330 358 sive
1367 308 1497 358 Pace
1526 308 1631 374 jam

207 396 463 454 praesente.

209 464 486 514 Mercurius
520 462 649 532 [602.
673 463 743 527 3.]
763 484 774 514 :

275 573 312 610 Ω
334 569 599 629 σοφωτατοι
608 563 667 591 ²⁰⁰

507 389 664 439 >Ecce
707 396 887 447 autem,
945 404 1054 454 quae
1098 388 1330 437 continuo
1374 387 1633 451 respondet

688 584 898 628 Ὑεωργοι,
934 585 1056 618 ταμα
1079 561 1131 620 3η
1152 563 1319 624 {vvir-:re

275 644 448 696 Ρηματ,
483 662 520 689 ει
542 641 741 701 βουλεσθ
761 662 940 688 ακουσαι
964 649 1125 689 ΤΗΝΔ
1147 641 1262 690 ὁπως
1283 649 1508 692 απωλετο.

207 746 342 796 Idem
366 747 494 795 infra
518 746 656 814 [613]
672 766 683 796 ε

275 852 423 894 Ουκετ
455 870 506 904 ην
538 844 670 897 ουδεις
701 846 726 894 ὁ
761 866 952 903 παυσων,
989 853 1106 893 ΗΔΕ
1140 867 1173 892 τ
1207 843 1462 910 ηφανιζετο.

208 937 259 980 et
281 948 447 980 rursus
471 930 614 998 [623]
637 951 647 982 :

276 1026 438 1066 ΤΗΝΔ
471 1018 773 1082 απόῥιψαντες
807 1039 998 1083 αισχρως
1031 1039 1111 1066 τον
1140 1026 1335 1074 πολεμον
1363 1020 1637 1097 amito-tradar.

211 1105 475 1168 Postquam
494 1106 621 1153 hanc
639 1104 1025 1152 emendationem
1044 1104 1446 1169 excogitaveram,
1462 1105 1640 1152 certior

209 1178 366 1228 factus
389 1197 494 1232 sum
511 1181 753 1250 *editiones
777 1180 884 1228 Ald.
910 1186 960 1227 et
982 1179 1206 1228 Wechel.
1245 1179 1477 1243 praeferre
1501 1187 1642 1228 πολυν

209 1293 356 1349 ps501.
376 1294 535 1348 σκῶμμα
552 1300 627 1353 σγοῖρ
644 1298 714 1338 εἶπ’
726 1297 896 1350 ἀσελγές.

208 1363 602 1412 (ΕΙΠΑΣΕΛΕΓΕΣ
615 1366 704 1402 MS.
717 1366 782 1413 A.)
792 1363 842 1401 R.
851 1362 899 1399 P.

210 1427 310 1477 apud
332 1426 497 1476 Walpole
523 1440 561 1476 p.
587 1430 625 1464 5.
668 1426 778 1463 Conf.
796 1424 897 1462 Ach.

213 1482 334 1531 1015.'
361 1493 432 1542 Eq.
451 1490 542 1530 216.
562 1489 653 1533 376.
681 1491 899 1532 Pac.1017.

212 1556 431 1596 Philostrat.
462 1557 499 1594 in
529 1555 608 1594 Vit.
628 1554 755 1605 Apoll.
775 1554 899 1605 Tyan.

213 1632 277 1666 IV,
293 1632 360 1665 xx,
382 1622 471 1662 157.
512 1619 563 1655 τό
584 1618 769 1670 μειράκιον
792 1631 902 1653 κατε-

213 1683 374 1724 σκέδασε
393 1687 464 1721 τοῦ
480 1683 595 1730 λόγου
613 1682 761 1720 πλατύν
779 1697 823 1719 τε
843 1680 901 1718 καὶ

211 1749 359 1797 ἀσελγῆ
377 1749 542 1796 γέλωτα.
586 1746 694 1784 Conf.
717 1744 904 1796 Gaiqford

212 1813 260 1851 ad
280 1811 474 1861 Hephaest.
501 1824 538 1860 p.
557 1814 622 1855 98.
679 1809 783 1847 Idem
802 1808 901 1858 apud

211 1876 383 1915 Macrob.
429 1874 578 1912 Saturn.
622 1884 703 1918 vu,
737 1874 773 1909 5.
826 1869 902 1920 Κυζ-

214 1939 323 1976 τισόν
349 1939 386 1974 τ’
419 1936 483 1983 η’δὲ
519 1935 667 1987 σφακιῗν
703 1932 816 1978 εὖαῖδη
842 1932 900 1970 καὶ

214 2002 377 2047 σμίλακα
415 1999 500 2053 τόν·
528 1997 780 2049 πολύφυλλον,
824 1995 901 2033 Ko‘·

214 2081 328 2111 τινον,
377 2068 523 2116 σχῖνον,
567 2064 697 2110 μελίαν
741 2059 898 2112 ‘neuin-rw,

213 2128 322 2167 α’λίαν
367 2128 482 2181 δρυν,
513 2129 646 2164 xiv-rou
710 2125 782 2179 ἐρει
784 2140 899 2170 πτην,

216 2193 393 2232 Correxit
443 2190 684 2242 Gazssgfordius
734 2203 770 2239 p.
810 2193 901 2232 277.

218 2255 312 2295 Οἷνο
348 2255 428 2293 κύτι
418 2271 500 2292 ισον
501 2252 669 2304 ,φάκον
697 2254 749 2290 εὖ.
787 2270 820 2289 κ.
848 2254 902 2299 μί-

217 2327 315 2358 λακα
344 2334 415 2362 την
452 2333 493 2353 π.
538 2321 574 2353 et
618 2316 657 2353 in
691 2327 800 2352 versu
846 2327 903 2353 se-

217 2383 336 2422 cundo
381 2381 529 2427 πεύκην,
570 2380 693 2425 α’λίαν,
733 2378 828 2431 δρῦν,
871 2395 903 2415 κ.

215 2448 367 2501 ἐρείκην.
442 2450 467 2468 “
496 2445 606 2482 Pbrte
656 2442 772 2484 ἐλάαν
821 2442 905 2497 δρῦν

219 2512 346 2563 Longe
382 2509 611 2559 corruptiore.
644 2512 772 2544 extant
805 2507 904 2556 apud

217 2576 410 2615 Plutarch.
433 2575 607 2625 Sympos.
626 2571 811 2609 Problem.
839 2570 902 2608 lib.

222 2650 286 2677 xv,
313 2651 346 2676 c.
366 2640 416 2676 1.'’
449 2635 591 2687 p.662.
611 2636 662 2672 D.
693 2634 742 2673 R.
754 2634 803 2672 Β.
831 2634 904 2672 Sed

221 2701 447 2751 Hujusmodi
482 2700 691 2749 fragmenta
728 2699 819 2736 adeo
848 2698 905 2735 in-.

222 2764 522 2815 terpolationibus
560 2767 714 2811 scatent,
743 2768 784 2801 ut
812 2762 905 2801 nihil

954 1310 1001 1336 ex
1034 1298 1079 1336 iis
1118 1298 1166 1335 ad
1206 1310 1364 1336 canones
1405 1297 1641 1336 stabiliendos

953 1362 1176 1412 proficiatur.
1410 1353 1417 1359 ’

1007 1431 1098 1464 200.
1114 1427 1175 1464 Sic
1186 1427 1376 1464 Editiones
1387 1431 1459 1464 tres
1472 1439 1527 1475 pr.
1538 1432 1562 1450 ‘⁴
1572 1427 1643 1464 Ed.

954 1495 1029 1528 vet.
1070 1489 1129 1541 [f.
1155 1489 1292 1541 Schol.]
1326 1490 1362 1527 Ω
1396 1490 1550 1536 πένητες·
1574 1489 1642 1528 καὶ

954 1555 1125 1606 γεωργοί.
1153 1553 1233 1603 lege
1250 1566 1337 1603 ergo
1352 1552 1406 1591 Ὠ
1425 1557 1643 1606 λιπερνῆτες

955 1618 1126 1669 γεωργοί.
1142 1617 1238 1654 Vide
1255 1617 1382 1655 Schol.
1403 1617 1495 1656 Hes.
1516 1619 1644 1656 Suid.”

956 1679 1006 1717 R.
1016 1680 1062 1717 Β.
1082 1685 1106 1703 “
1124 1678 1155 1717 ὦ
1167 1681 1386 1732 λιπερνῆτες
1405 1681 1517 1718 Diod.
1532 1680 1643 1718 Sicul.

959 1756 1047 1791 ΧΠ,
1077 1749 1141 1781 41.
1170 1745 1345 1793 probante
1368 1743 1644 1794 Wesselingiol'

957 1806 1007 1845 R.
1027 1807 1099 1855 P.;
1137 1808 1234 1846 conf.
1269 1807 1457 1857 Leopardi
1486 1809 1644 1846 Emend.

957 1884 997 1919 v,
1019 1873 1096 1910 xiv.
1139 1873 1182 1910 In
1206 1873 1295 1910 Pac.
1319 1871 1413 1911 626.
1455 1873 1644 1923 legebatur

957 1935 1076 1973 Οὗδέν
1093 1938 1221 1972 αἰτίων
1238 1935 1378 1987 α’νδρῶν
1393 1952 1438 1983 γε
1459 1938 1529 1974 τάς·
1556 1936 1644 1992 κρά-

955 2000 1019 2037 δας
1037 1999 1253 2045 κατήσθιον.
1283 2000 1357 2037 Pro
1371 2001 1409 2037 α’.
1423 2016 1467 2048 ’γε
1485 2001 1510 2038 l.
1528 2017 1645 2055 γεωρ-

954 2064 1031 2111 γῶν
1048 2063 1097 2100 R.
1113 2063 1160 2101 Β.
1203 2069 1227 2086 “
1245 2064 1309 2101 sed
1340 2077 1387 2102 ex
1415 2065 1513 2103 Rav.
1546 2065 1645 2103 dedit

956 2127 1200 2174 Invernizius,
1237 2127 1357 2168 Οὖδὲν
1375 2133 1504 2168 αἰτίων
1521 2129 1567 2167 ἂν
1584 2132 1646 2167 α’ν·

957 2191 1087 2244 δρῶν.”“
1114 2190 1164 2227 R.
1182 2190 1228 2228 P.
1253 2192 1301 2228 ad
1317 2192 1387 2231 Ph.
1406 2197 1499 2231 412.
1529 2192 1578 2230 R.
1595 2192 1641 2231 Β.

956 2253 1005 2290 ad
1024 2253 1220 2291 Menandr.
1244 2267 1280 2303 p.
1300 2259 1336 2293 2.
1365 2268 1412 2292 ex
1432 2255 1534 2293 Nub.
1551 2258 1643 2298 575.

957 2323 993 2355 et
1024 2318 1112 2354 Pac.
1145 2318 1358 2367 hujusmodi
1383 2332 1534 2358 versum
1558 2332 1644 2358 con-

957 2381 1179 2419 sarcinavit:
1214 2380 1267 2419 Ὦ
1298 2384 1527 2434 σοφώτατοι
1558 2386 1643 2423 θεα-

958 2444 1036 2491 ταὶ,
1081 2444 1134 2482 τά
1163 2445 1225 2492 ’μα’
1252 2445 1298 2492 δὴ
1321 2447 1476 2498 ξυνίετε.
1517 2453 1642 2485 utrum

957 2508 1121 2554 consilio,
1175 2520 1224 2545 an
1278 2510 1468 2548 memoriae
1520 2511 1642 2559 lapsu,

956 2573 1091 2610 nescio.
1136 2573 1290 2622 Eupolis
1319 2575 1418 2624 apud
1450 2574 1553 2611 Stob.
1581 2585 1642 2611 ιν.

957 2649 994 2685 p.
1016 2639 1184 2674 53:31.
1215 2636 1326 2675 Grot.
1358 2636 1466 2674 Ἀλλ’
1481 2637 1642 2683 ἀκούετ’,

959 2698 990 2738 αἶ
1011 2700 1156 2747 θεαταὶ,
1194 2701 1300 2749 τᾰμοῖ
1334 2701 1372 2738 δε
1400 2702 1542 2751 ξυνίετε
1574 2699 1645 2745 Ρή-

957 2764 1058 2809 ματ’.
1087 2762 1139 2800 R.
1158 2762 1206 2800 P.
1228 2763 1374 2809 Traeis,
1401 2775 1438 2811 p.
1457 2766 1551 2806 217.
