1864 3132
929 213 1032 266 550

266 366 270 370 .
308 324 366 372 V.
392 332 491 378 659.
536 327 622 380 Της
650 345 787 375 arsetas-
811 323 851 372 ὀι
879 321 1169 386 run-Tavus&

1173 323 1192 368 ¹.
1223 325 1361 371 ποθεν
1388 319 1659 382 εκτισουσιν]

263 422 482 479 Nemini,
507 420 637 486 quod
661 420 824 478 sciam,
849 419 1090 484 displicuit
1111 419 1328 485 syntaxis
1347 414 1442 468 ista
1463 439 1543 476 της
1558 432 1695 468 artem

263 520 525 548 ΕΚΤισῸῑΙσίῙΙ.

599 498 664 546 Et
698 497 967 563 genitivum
1005 496 1197 560 quidem
1226 512 1337 547 curn
1360 496 1527 553 verbe,
1564 493 1695 560 quod

262 584 453 636 vocant,
468 576 723 625 transitivo
738 572 1089 640 nonnunquam
1104 575 1340 641 conjungi
1357 590 1455 622 non
1473 571 1692 621 diffiteor.

261 654 320 703 In
345 654 473 702 hanc
497 651 666 718 utique
690 650 1098 731 constructionem
1123 651 1304 700 cadunt
1322 672 1411 699 των
1426 646 1696 715 θρυαλλιδων

259 728 397 779 Nub.
423 738 494 783 59
530 749 621 777 των
645 733 853 795 ψηφων
848 698 1126 805 Rau-1294.
1161 750 1250 775 των
1274 749 1407 793 xpe-mv
1439 725 1567 790 Equ.
1590 733 1693 774 418,

259 830 349 856 των
387 810 521 856 λιθων
562 804 682 856 Ach.
727 818 820 856 183.
867 828 957 855 των
991 805 1184 878 ισχαδων
1219 817 1320 855 805.
1367 828 1457 854 των
1483 802 1695 862 δημοσιων

259 927 404 983 ἔπεχω.
454 925 700 981 Aristophan.
722 927 866 966 Eccles.
886 931 951 975 30,

261 997 326 1032 31.
361 992 466 1048 ‘'sspa
493 987 756 1054 ssaslg‘ewg'm‘e
784 995 808 1031 ὁ
834 995 951 1047 κη’ρυξ

197 1074 200 1078 ·
257 1060 409 1111 ἀρτίως,
446 1059 573 1107 Ἡμιιῖν
599 1057 808 1112 προϊόντων
827 1057 951 1097 δεύτε-

255 1140 325 1177 ρον
359 1125 581 1162 κεκόκκυκεν.
637 1123 682 1161 In
715 1124 787 1162 hac
823 1123 950 1161 fabula

255 1189 485 1228 mulierculae
494 1190 659 1227 virorum
671 1195 795 1239 partes
807 1194 947 1227 acturae

256 1259 444 1305 satagunt.
495 1254 534 1293 Si
552 1266 680 1292 earum
700 1256 774 1291 un'a
790 1254 950 1293 tardius-

255 1319 361 1358 culas
380 1319 617 1370 increpitans,
649 1320 863 1373 προϊουσῶν
887 1319 950 1358 de-

255 1385 488 1432 blaterasset,
516 1389 604 1423 acta
629 1384 710 1422 haec
740 1397 798 1422 res
830 1390 951 1430 esset3

254 1461 398 1488 sorores
432 1450 500 1487 sub
536 1447 666 1486 alienis
701 1448 866 1498 personis
897 1446 953 1485 la-

254 1520 374 1554 tentes
411 1514 642 1564 prodidisset,
687 1518 726 1551 et
769 1513 863 1551 ratio
908 1513 953 1550 de

254 1581 398 1631 integro
439 1579 514 1618 illis
549 1579 720 1617 ineunda.
782 1579 827 1616 In
863 1578 953 1616 Act.

255 1644 358 1683 DD.
392 1645 527 1695 Apost.
572 1657 638 1693 1x,
678 1649 743 1689 37.
798 1643 956 1682 λούσαν-

257 1726 322 1749 τες
374 1722 441 1760 pro
489 1708 677 1748 λούσασαι
713 1722 817 1748 more
851 1710 954 1748 Atti-

256 1787 412 1821 corum;
445 1775 677 1827 feminarum
717 1775 817 1813 enim
857 1781 950 1822 erat,

255 1852 332 1879 non
366 1839 541 1887 virorum,
588 1840 746 1879 feminas
781 1845 949 1877 mortuas

256 1904 398 1942 lavare.
421 1903 634 1942 Markland.
655 1904 844 1954 Explicat.
858 1908 948 1942 vett.

256 1968 399 2019 aliquot
410 1981 446 2018 p.
459 1973 532 2007 281
543 1997 552 2006 .
583 1968 623 2007 Si
634 1981 763 2020 genere
775 1968 950 2018 proxima

215 2070 219 2077 ,
257 2033 330 2071 hoc
342 2047 492 2072 munere
502 2034 719 2084 plerumque
727 2034 949 2083 fungeretur,

256 2096 358 2134 cadit
374 2096 540 2145 quaestio.
570 2101 595 2119 “
618 2096 690 2133 Sed
707 2096 745 2132 in
764 2095 951 2143 scriptori·

256 2159 326 2197 bus
359 2159 475 2197 sacris
503 2171 578 2196 non
606 2163 663 2196 est
682 2158 852 2196 venanda
875 2169 950 2196 ser-

256 2224 377 2263 monis
408 2223 527 2262 Attici
562 2222 715 2269 indoles,
747 2223 810 2261 sed
847 2235 948 2274 quae-

255 2289 371 2328 renda
397 2293 453 2326 est
480 2287 562 2325 sola
589 2300 712 2324 rerum
738 2287 894 2325 altitudo
911 2292 948 2325 et

255 2350 566 2402 magnificentia.’'
622 2351 683 2388 Ne
702 2351 784 2401 quis
804 2350 947 2388 Clarkz'i

255 2422 345 2455 nota
361 2429 392 2454 s.
410 2428 443 2452 c.
461 2416 647 2463 abutatur,
675 2415 946 2463 reminiscatur,

256 2487 338 2512 -—“
354 2480 477 2534 νεκροὶ·
495 2480 693 2518 masculino
708 2494 843 2531 genere
860 2494 949 2519 sem·

250 2561 323 2598 per
341 2546 516 2584 dicitur'ss’
540 2546 587 2582 ad
607 2545 700 2584 Hec.
718 2545 813 2587 665.
845 2547 949 2593 Quo-

254 2614 468 2663 tiescunque
507 2623 659 2649 numero
700 2611 947 2651 multitudinis

255 2679 408 2724 utimur,
418 2689 532 2728 genus
544 2689 687 2728 quoque
694 2678 946 2716 masculinum

254 2743 433 2794 usurpare
468 2741 644 2789 solemus,
685 2742 755 2780 etsi
793 2757 866 2782 una
910 2750 947 2782 et

254 2809 346 2848 item
377 2808 494 2848 altera
523 2813 693 2849 nostrum
723 2808 774 2849 sit
801 2810 948 2851 mulier.

1006 929 1107 968 Hinc
1144 929 1340 968 Pausaniae
1369 929 1501 985 locum·
1527 927 1592 979 [11.
1612 927 1696 979 21]

1004 994 1105 1033 male
1122 1008 1144 1033 a
1161 994 1310 1034 Clarkio
1317 995 1553 1034 intellectum
1570 993 1698 1044 pulcre

1005 1061 1195 1110 expedivit
1202 1060 1426 1099 Brunclcius.
1443 1065 1466 1084 “
1479 1060 1541 1098 De
1553 1059 1698 1104 duobus

1004 1125 1145 1162 Niobes
1187 1124 1326 1170 liberis,
1360 1125 1503 1176 ‘quibus
1539 1123 1696 1161 Latouae

1003 1188 1166 1238 pepercit
1181 1188 1251 1235 ira,
1278 1178 1331 1226 ibi
1350 1188 1487 1239 agitur,
1515 1182 1698 1226 Meliboea

1003 1253 1142 1303 puella,
1167 1253 1226 1291 cui
1247 1253 1399 1291 Chloris
1417 1252 1578 1291 inditum
1595 1256 1698 1302 post-

994 1318 1118 1362 >modo
1153 1330 1304 1365 nomen,
1341 1323 1379 1355 et
1413 1317 1598 1369 Amycle,
1635 1316 1699 1368 qui

1006 1394 1090 1419 mas
1109 1380 1191 1428 fuit,
1219 1394 1294 1419 non
1310 1381 1462 1421 femina.
1505 1381 1591 1420 Hoc
1609 1394 1696 1421 eum

1006 1446 1154 1485 aliunde
1189 1446 1314 1498 colligi
1348 1453 1483 1498 potest,
1529 1452 1612 1487 tum
1646 1459 1695 1488 ex

1005 1511 1121 1561 ipsius
1162 1512 1361 1551 Pausaniae
1405 1512 1489 1552 loco
1535 1526 1574 1564 p.
1601 1517 1697 1558 417.

1007 1576 1155 1631 Χλωρὶς·
1179 1578 1382 1630 Ἀμφίονος·
1405 1576 1575 1632 θυγάτηρ
1602 1577 1697 1626 μόνη

1006 1644 1204 1695 λειφθεῖσα
1223 1643 1294 1681 τοῦ
1313 1643 1435 1682 οἴκου·ι
1458 1644 1527 1682 σῦν
1544 1643 1584 1682 δὲ
1595 1642 1696 1698 αὑτῇ

1006 1706 1066 1761 καὶ
1096 1705 1160 1747 ἕνα
1195 1707 1456 1761 περιγένεσθαὶ
1485 1714 1582 1760 φασι
1619 1706 1699 1745 τόν

1003 1771 1182 1828 ᾀρσένων.
1209 1773 1339 1824 Itaque
1352 1773 1397 1811 de
1406 1786 1514 1822 mare
1524 1778 1562 1812 et
1572 1771 1699 1823 puella

1004 1850 1118 1890 agens
1151 1838 1218 1876 rite
1249 1839 1345 1877 dixit
1373 1838 1420 1877 L.
1446 1850 1496 1877 11.
1525 1850 1610 1889 cap.
1629 1841 1695 1877 21.

1004 1903 1268 1943 ΤΟΥΤΟΥΣ
1304 1904 1344 1943 δέ
1378 1910 1496 1955 φασιν
1527 1904 1695 1955 Ἀργεῖοι

1004 1970 1055 2007 τὸ
1071 1970 1242 2022 ἐξαρχῆς·
1260 1969 1505 2015 οἰκοδομῆσαι
1541 1967 1595 2021 τῇ
1614 1966 1696 2012 Λη-

1003 2040 1071 2072 τοῖ
1112 2032 1183 2071 τᾶν
1225 2032 1323 2079 ναὸν,
1352 2031 1693 2083 .quemadm0dum

1003 2098 1129 2149 paullo
1147 2102 1234 2136 ante
1250 2098 1370 2135 dicere
1394 2097 1518 2135 debuit
1547 2094 1694 2151 περιγέ-

1002 2165 1129 2202 νεσθαι
1155 2161 1195 2201 δὲ
1222 2155 1626 2202 ΕΥΞΑΜΕΝΟΥΣ,
1642 2159 1695 2215 τῇ

1002 2229 1142 2272 Λητοῖ,
1173 2226 1236 2264 ubi
1263 2226 1440 2264 mendose
1471 2238 1519 2264 ex
1553 2225 1695 2274 librarii

1001 2303 1123 2330 errore
1138 2290 1272 2343 legitur
1285 2290 1525 2342 εὖξαμένας.”
1540 2290 1590 2328 ad
1600 2291 1694 2329 Ant.

1001 2359 1096 2399 977.
1140 2355 1324 2393 Enotasse
1342 2353 1432 2391 libet
1452 2352 1500 2390 ad
1520 2351 1695 2404 AEschyl.

1003 2420 1045 2457 P.
1059 2419 1110 2456 V.
1128 2422 1218 2457 858.
1244 2417 1424 2466 δαμέντας
1439 2416 1578 2467 optime
1590 2416 1696 2458 rosti-

1002 2485 1114 2523 tuisse
1127 2483 1314 2521 Pauwium
1325 2498 1340 2527 ‚·
1363 2488 1401 2521 et
1415 2482 1508 2520 levis
1525 2486 1695 2534 transpo-

1002 2549 1085 2588 sitio
1096 2548 1287 2586 sententiae
1294 2546 1474 2586 laboranti
1485 2551 1693 2593 succurret3

1002 2615 1030 2653 Γ
1032 2614 1097 2660 vm*
1128 2614 1204 2668 εγᾶρ
1217 2637 1268 2644 --
1281 2614 1474 2660 Δῖθηκτον
1510 2611 1691 2652 ἐν--Πσ-

1000 2682 1142 2728 λασγία
1160 2696 1206 2718 τε
1213 2679 1377 2732 --”Αρει
1393 2676 1650 2725 &aphrae—-

1054 2741 1147 2782 261.
1184 2748 1213 2767 ‘⁴
1229 2741 1460 2781 κλέπτοντες
1497 2741 1588 2782 Ald.
1616 2741 1688 2793 lq.

999 2807 1247 2861 ληφθέντες-Γ
1278 2807 1328 2846 R.
1344 2805 1393 2845 Β.
