1786 3178
289 608 551 649 CODICUM
579 608 991 649 ARISTOPHANIS
1021 609 1214 657 INDEX,
1244 605 1394 656 QUOS
1425 611 1504 649 AD

598 705 905 744 DAWESIUM
936 705 1190 743 ADHIBUI.

181 852 231 889 A.
253 850 342 888 MS.
371 848 646 888 Arundelianus
663 860 773 898 penes
791 846 951 897 Regiam
972 847 1210 885 Societatem.

181 922 336 960 Barocc.
357 924 448 965 127.
476 919 645 958 omnium
664 918 962 964 vetustissimus3
989 919 1107 956 Ranae
1125 932 1150 956 a
1168 918 1349 967 Bmtleio,
1369 918 1498 957 deinde
1516 923 1618 958 totus
1680 921 1683 924 ’

284 998 310 1023 a
328 985 492 1023 Porso'no
508 983 690 1030 collatus3
719 987 744 1007 ‘⁴
763 982 893 1032 incipit
920 995 945 1020 a
969 995 1079 1021 versu
1100 981 1191 1022 560.
1220 982 1322 1021 Pluti
1353 988 1390 1021 et
1419 983 1553 1022 desinit
1579 983 1618 1021 in

285 1062 395 1088 versu
417 1051 533 1088 1340.
562 1047 798 1086 Ranarum.”

186 1126 252 1162 43.
279 1125 303 1145 “
324 1120 425 1159 Huic
445 1121 576 1166 MSto,
605 1120 668 1171 qui
686 1119 898 1159 recentioris
916 1132 1051 1158 manus
1082 1124 1152 1167 est,
1182 1132 1249 1158 nec
1267 1124 1348 1158 tam
1366 1119 1487 1158 multa
1503 1119 1620 1158 habet
1683 1118 1685 1120 ’
1720 1115 1725 1118 ’

283 1183 440 1232 scholia,
459 1184 593 1221 desunt
606 1183 647 1220 in
665 1183 777 1222 Pluto
795 1195 923 1222 versus
941 1195 964 1222 a
985 1187 1075 1223 125.
1097 1183 1146 1221 ad
1164 1196 1201 1221 v.
1219 1187 1311 1222 348.
1329 1188 1366 1220 et
1382 1183 1421 1220 in
1440 1182 1617 1222 Nubibus

284 1261 309 1287 a
343 1251 436 1286 380.
478 1248 526 1286 ad
555 1248 670 1286 545.”
706 1273 708 1275 >
739 1247 822 1286 Hos
856 1248 970 1286 ambo
1005 1248 1054 1285 ad
1091 1247 1177 1286 loca
1203 1260 1227 1285 a
1256 1247 1433 1285 Dawesio
1473 1251 1620 1285 tentata

286 1312 443 1351 contulit
460 1311 699 1362 Burgessius.

180 1388 225 1427 C.
245 1388 333 1426 MS.
353 1387 595 1426 Bibliothecae
606 1385 773 1424 Publicae
788 1385 1122 1437 Cantabrigiensis,
1141 1389 1249 1423 extra
1267 1390 1414 1423 notatus
1435 1385 1512 1423 Nn.
1531 1389 1569 1424 3.
1581 1389 1620 1424 3.

288 1451 442 1490 Plutum
461 1456 499 1490 et
517 1452 648 1489 Nubes
666 1450 938 1500 complectitur.

182 1526 233 1573 D,
245 1527 300 1564 ‘E.
330 1527 418 1565 Duo
436 1527 611 1576 exempla
635 1527 750 1573 Pluti,
779 1526 963 1573 Nubium,
991 1531 1029 1564 et
1058 1526 1255 1564 Ranarum
1286 1526 1325 1564 in
1356 1525 1624 1588 eodem-yolu-

289 1591 388 1628 mine
405 1595 533 1628 notato
553 1591 632 1628 Nn.
652 1595 691 1630 3.
714 1594 777 1629 15.
805 1589 958 1627 ibidem.

183 1666 225 1704 F.
254 1665 342 1703 Ms.
371 1665 538 1715 signatus
558 1665 636 1702 Nn.
656 1668 694 1702 3.
717 1663 780 1703 16.
809 1665 963 1703 Plutum
983 1670 1021 1704 et
1039 1666 1168 1704 Nubes
1187 1666 1349 1704 continet
1361 1681 1373 1711 ;
1401 1666 1552 1704 ibidem.

182 1743 234 1780 H.
264 1742 352 1779 MS.
381 1741 606 1780 Harleianus
627 1742 746 1785 5725.
773 1741 812 1778 in
842 1740 979 1778 Museo
1008 1740 1222 1795 Britannico
1252 1740 1406 1778 Plutum
1434 1746 1472 1779 et
1489 1741 1622 1779 Nubes

289 1806 463 1843 continet.
924 1822 927 1825 ’

183 1879 215 1917 I.
245 1878 333 1917 MS.
363 1878 589 1917 Harleianus
607 1875 725 1925 5664,
746 1875 783 1914 6.
811 1877 960 1915 ibidem.
1002 1876 1095 1914 Tres
1131 1875 1270 1926 priores
1301 1876 1447 1914 fabulas
1482 1876 1621 1924 habet;

288 1943 327 1980 in
344 1942 436 1980 locis
455 1954 569 1992 quam
588 1940 758 1990 plurimis
778 1953 865 1978 cum
891 1941 1048 1978 Barocc.
1070 1943 1158 1983 127.
1203 1941 1398 1987 consentit,
1435 1947 1547 1991 atque
1575 1941 1625 1978 ab

289 2021 332 2046 eo
350 2007 507 2046 describi
525 2007 695 2053 videtur;
722 2007 822 2045 hane
850 2008 1102 2057 conjecturam
1130 2019 1245 2056 nuper
1264 2007 1432 2044 firmavit
1451 2006 1510 2043 vir
1527 2005 1626 2044 ami·

289 2071 474 2119 cissimus‚
503 2083 613 2122 quem
631 2071 718 2108 vide
737 2071 785 2108 ad
804 2070 856 2108 R.
871 2070 918 2107 P.
937 2070 1211 2108 emendationes
1229 2071 1268 2108 in
1286 2069 1598 2119 Aristophanem.

182 2148 227 2187 T.
257 2147 347 2186 MS.
378 2146 601 2185 Harleianus
622 2144 741 2190 6307.
790 2147 883 2185 Tres
919 2147 1057 2196 priores
1093 2146 1239 2185 fabulas
1281 2145 1455 2185 continet.
1510 2144 1625 2183 Brevi

290 2212 447 2262 prodibit
465 2213 600 2252 horum
621 2213 741 2252 MSS.
767 2213 912 2252 uberior
929 2212 1141 2262 descriptio.
