<?xml version="1.0" encoding="UTF-8"?>
<!DOCTYPE html PUBLIC "-//W3C//DTD XHTML 1.0 Transitional//EN"
    "http://www.w3.org/TR/xhtml1/DTD/xhtml1-transitional.dtd">
<html xmlns="http://www.w3.org/1999/xhtml" xml:lang="en" lang="en">
 <head>
  <title>
</title>
<meta http-equiv="Content-Type" content="text/html;charset=utf-8" />
  <meta name='ocr-system' content='tesseract 3.04.00' />
  <meta name='ocr-capabilities' content='ocr_page ocr_carea ocr_par ocr_line ocrx_word'/>
</head>
<body>
  <div class='ocr_page' id='page_1' title='image "./miscellaneacriti00daweuoft_0594.png"; bbox 0 0 1864 3132; ppageno 0'>
   <div class='ocr_carea' id='block_1_1' title="bbox 157 1296 253 1346">
    <p class='ocr_par' dir='ltr' id='par_1_1' title="bbox 157 1296 253 1346">
     <span class='ocr_line' id='line_1_1' title="bbox 157 1296 253 1346; baseline -0.01 0"><span class='ocrx_word' id='word_1_1' title='bbox 157 1296 253 1346; x_wconf 87' lang='lat'>299</span> 
     </span>
    </p>
   </div>
   <div class='ocr_carea' id='block_1_2' title="bbox 965 211 1068 259">
    <p class='ocr_par' dir='ltr' id='par_1_2' title="bbox 965 211 1068 259">
     <span class='ocr_line' id='line_1_2' title="bbox 965 211 1068 259; baseline 0.01 -1"><span class='ocrx_word' id='word_1_2' title='bbox 965 211 1068 259; x_wconf 78' lang='lat'>522</span> 
     </span>
    </p>
   </div>
   <div class='ocr_carea' id='block_1_3' title="bbox 292 315 1728 534">
    <p class='ocr_par' dir='ltr' id='par_1_3' title="bbox 292 315 1728 534">
     <span class='ocr_line' id='line_1_3' title="bbox 295 315 1728 380; baseline 0.003 -16"><span class='ocrx_word' id='word_1_3' title='bbox 295 315 449 365; x_wconf 80' lang='lat' dir='ltr'>Video</span> <span class='ocrx_word' id='word_1_4' title='bbox 483 330 615 374; x_wconf 81' lang='lat' dir='ltr'>sane,</span> <span class='ocrx_word' id='word_1_5' title='bbox 661 315 867 380; x_wconf 67' lang='lat' dir='ltr'>inquies,</span> <span class='ocrx_word' id='word_1_6' title='bbox 913 317 983 367; x_wconf 72' lang='lat' dir='ltr'>ita</span> <span class='ocrx_word' id='word_1_7' title='bbox 1022 317 1296 367; x_wconf 72' lang='lat' dir='ltr'>necessario</span> <span class='ocrx_word' id='word_1_8' title='bbox 1336 317 1728 368; x_wconf 80' lang='lat' dir='ltr'>constituendum</span> 
     </span>
     <span class='ocr_line' id='line_1_4' title="bbox 294 390 1726 459; baseline 0.003 -20"><span class='ocrx_word' id='word_1_9' title='bbox 294 407 398 439; x_wconf 72' lang='lat' dir='ltr'>esse</span> <span class='ocrx_word' id='word_1_10' title='bbox 421 391 609 440; x_wconf 77' lang='lat' dir='ltr'>Graeeis</span> <span class='ocrx_word' id='word_1_11' title='bbox 640 390 646 457; x_wconf 84' lang='grc' dir='ltr'>Ι</span> <span class='ocrx_word' id='word_1_12' title='bbox 677 414 812 451; x_wconf 56' lang='lat' dir='ltr'>ceo-rm</span> <span class='ocrx_word' id='word_1_13' title='bbox 848 399 899 441; x_wconf 86' lang='lat' dir='ltr'>at</span> <span class='ocrx_word' id='word_1_14' title='bbox 921 393 1108 458; x_wconf 79' lang='lat' dir='ltr'>reliqua</span> <span class='ocrx_word' id='word_1_15' title='bbox 1131 394 1316 459; x_wconf 81' lang='lat' dir='ltr'>quidni,</span> <span class='ocrx_word' id='word_1_16' title='bbox 1341 395 1559 454; x_wconf 80' lang='lat' dir='ltr'>obsecro,</span> <span class='ocrx_word' id='word_1_17' title='bbox 1583 394 1726 444; x_wconf 79' lang='lat' dir='ltr'>istum</span> 
     </span>
     <span class='ocr_line' id='line_1_5' title="bbox 292 468 1176 534; baseline 0.005 -17"><span class='ocrx_word' id='word_1_18' title='bbox 292 468 451 534; x_wconf 87' lang='lat' dir='ltr'>potius</span> <span class='ocrx_word' id='word_1_19' title='bbox 474 469 526 517; x_wconf 87' lang='lat' dir='ltr'>in</span> <span class='ocrx_word' id='word_1_20' title='bbox 550 469 744 517; x_wconf 80' lang='lat' dir='ltr'>modum</span> <span class='ocrx_word' id='word_1_21' title='bbox 769 470 978 519; x_wconf 73' lang='lat' dir='ltr'>dimetiri</span> <span class='ocrx_word' id='word_1_22' title='bbox 1001 471 1146 519; x_wconf 82' lang='lat' dir='ltr'>liceat</span> <span class='ocrx_word' id='word_1_23' title='bbox 1166 490 1176 521; x_wconf 75' lang='grc' dir='ltr'>ε</span> 
     </span>
    </p>
   </div>
   <div class='ocr_carea' id='block_1_4' title="bbox 425 576 1562 645">
    <p class='ocr_par' dir='ltr' id='par_1_4' title="bbox 425 576 1562 645">
     <span class='ocr_line' id='line_1_6' title="bbox 425 576 1562 645; baseline 0.004 -22"><span class='ocrx_word' id='word_1_24' title='bbox 425 588 469 624; x_wconf 89' lang='grc'>4.</span> <span class='ocrx_word' id='word_1_25' title='bbox 505 576 578 641; x_wconf 82' lang='lat' dir='ltr'>ips</span> <span class='ocrx_word' id='word_1_26' title='bbox 603 576 769 639; x_wconf 79' lang='grc' dir='ltr'><strong>ιΙωτα.</strong></span> <span class='ocrx_word' id='word_1_27' title='bbox 808 585 850 628; x_wconf 89' lang='grc'><strong>6.</strong></span> <span class='ocrx_word' id='word_1_28' title='bbox 882 584 1139 643; x_wconf 60' lang='grc' dir='ltr'><strong>Θεειῐωτα.</strong></span> <span class='ocrx_word' id='word_1_29' title='bbox 1183 592 1246 627; x_wconf 85' lang='lat'>11.</span> <span class='ocrx_word' id='word_1_30' title='bbox 1279 586 1355 628; x_wconf 81' lang='lat' dir='ltr'>tar</span> <span class='ocrx_word' id='word_1_31' title='bbox 1378 576 1562 645; x_wconf 61' lang='grc' dir='ltr'>ιΙωταῖ</span> 
     </span>
    </p>
   </div>
   <div class='ocr_carea' id='block_1_5' title="bbox 290 684 1727 984">
    <p class='ocr_par' dir='ltr' id='par_1_5' title="bbox 290 684 1727 984">
     <span class='ocr_line' id='line_1_7' title="bbox 293 684 1727 755; baseline 0.006 -24"><span class='ocrx_word' id='word_1_32' title='bbox 293 684 419 732; x_wconf 87' lang='lat' dir='ltr'>Illud</span> <span class='ocrx_word' id='word_1_33' title='bbox 440 684 590 750; x_wconf 79' lang='lat' dir='ltr'>igitur</span> <span class='ocrx_word' id='word_1_34' title='bbox 610 686 697 733; x_wconf 90' lang='lat' dir='ltr'>tibi</span> <span class='ocrx_word' id='word_1_35' title='bbox 721 686 988 750; x_wconf 76' lang='lat' dir='ltr'><strong>expediam.</strong></span> <span class='ocrx_word' id='word_1_36' title='bbox 1023 720 1027 730; x_wconf 34' lang='lat' dir='ltr'>x</span> <span class='ocrx_word' id='word_1_37' title='bbox 1062 687 1207 736; x_wconf 85' lang='lat' dir='ltr'>Vetat</span> <span class='ocrx_word' id='word_1_38' title='bbox 1230 690 1414 755; x_wconf 88' lang='lat' dir='ltr'>utique,</span> <span class='ocrx_word' id='word_1_39' title='bbox 1445 705 1545 755; x_wconf 84' lang='lat' dir='ltr'>quo</span> <span class='ocrx_word' id='word_1_40' title='bbox 1569 690 1727 738; x_wconf 74' lang='lat' dir='ltr'>minus</span> 
     </span>
     <span class='ocr_line' id='line_1_8' title="bbox 292 761 1727 825; baseline 0.003 -16"><span class='ocrx_word' id='word_1_41' title='bbox 292 761 385 809; x_wconf 83' lang='lat' dir='ltr'>hoe</span> <span class='ocrx_word' id='word_1_42' title='bbox 403 762 546 809; x_wconf 89' lang='lat' dir='ltr'>modo</span> <span class='ocrx_word' id='word_1_43' title='bbox 563 763 716 825; x_wconf 87' lang='lat' dir='ltr'>pedes·</span> <span class='ocrx_word' id='word_1_44' title='bbox 731 763 1049 822; x_wconf 80' lang='lat' dir='ltr'>dimetiamur,</span> <span class='ocrx_word' id='word_1_45' title='bbox 1069 772 1357 814; x_wconf 84' lang='lat' dir='ltr'>commatum</span> <span class='ocrx_word' id='word_1_46' title='bbox 1373 765 1727 815; x_wconf 78' lang='lat' dir='ltr'>trochaicorum</span> 
     </span>
     <span class='ocr_line' id='line_1_9' title="bbox 290 838 1726 905; baseline 0.003 -20"><span class='ocrx_word' id='word_1_47' title='bbox 290 838 430 896; x_wconf 84' lang='lat' dir='ltr'>ratio,</span> <span class='ocrx_word' id='word_1_48' title='bbox 473 853 617 902; x_wconf 83' lang='lat' dir='ltr'>quam</span> <span class='ocrx_word' id='word_1_49' title='bbox 657 840 747 887; x_wconf 88' lang='lat' dir='ltr'>sibi</span> <span class='ocrx_word' id='word_1_50' title='bbox 781 840 1062 887; x_wconf 83' lang='lat' dir='ltr'>servandam</span> <span class='ocrx_word' id='word_1_51' title='bbox 1086 843 1337 905; x_wconf 84' lang='lat' dir='ltr'>proposuit</span> <span class='ocrx_word' id='word_1_52' title='bbox 1360 842 1726 892; x_wconf 77' lang='lat' dir='ltr'>Terentianus:</span> 
     </span>
     <span class='ocr_line' id='line_1_10' title="bbox 291 917 1192 984; baseline 0.002 -19"><span class='ocrx_word' id='word_1_53' title='bbox 291 933 407 965; x_wconf 87' lang='lat' dir='ltr'>ecce</span> <span class='ocrx_word' id='word_1_54' title='bbox 429 924 593 966; x_wconf 88' lang='lat' dir='ltr'>autem</span> <span class='ocrx_word' id='word_1_55' title='bbox 618 918 763 982; x_wconf 90' lang='lat' dir='ltr'>ipsius</span> <span class='ocrx_word' id='word_1_56' title='bbox 787 917 933 966; x_wconf 84' lang='lat' dir='ltr'>verba</span> <span class='ocrx_word' id='word_1_57' title='bbox 958 917 1034 984; x_wconf 93' lang='lat' dir='ltr'>[p.</span> <span class='ocrx_word' id='word_1_58' title='bbox 1068 917 1192 984; x_wconf 87' lang='lat'><strong>17.]:</strong></span> 
     </span>
    </p>
   </div>
   <div class='ocr_carea' id='block_1_6' title="bbox 357 1026 1695 1248">
    <p class='ocr_par' dir='ltr' id='par_1_6' title="bbox 357 1026 1695 1248">
     <span class='ocr_line' id='line_1_11' title="bbox 357 1026 1625 1096; baseline 0.003 -21"><span class='ocrx_word' id='word_1_59' title='bbox 357 1026 610 1091; x_wconf 74' lang='lat' dir='ltr'>Regulam</span> <span class='ocrx_word' id='word_1_60' title='bbox 632 1039 838 1076; x_wconf 77' lang='lat' dir='ltr'>servans</span> <span class='ocrx_word' id='word_1_61' title='bbox 863 1026 1056 1093; x_wconf 78' lang='lat' dir='ltr'>ubique,</span> <span class='ocrx_word' id='word_1_62' title='bbox 1092 1027 1202 1077; x_wconf 85' lang='lat' dir='ltr'>finis</span> <span class='ocrx_word' id='word_1_63' title='bbox 1227 1037 1281 1078; x_wconf 91' lang='lat' dir='ltr'>ut</span> <span class='ocrx_word' id='word_1_64' title='bbox 1306 1030 1466 1096; x_wconf 85' lang='lat' dir='ltr'>quarti</span> <span class='ocrx_word' id='word_1_65' title='bbox 1489 1031 1625 1094; x_wconf 85' lang='lat' dir='ltr'>pedis</span> 
     </span>
     <span class='ocr_line' id='line_1_12' title="bbox 358 1104 1650 1171; baseline 0.003 -17"><span class='ocrx_word' id='word_1_66' title='bbox 358 1104 587 1154; x_wconf 81' lang='lat' dir='ltr'>Nominis</span> <span class='ocrx_word' id='word_1_67' title='bbox 610 1106 804 1153; x_wconf 85' lang='lat' dir='ltr'>verbive</span> <span class='ocrx_word' id='word_1_68' title='bbox 829 1105 926 1153; x_wconf 87' lang='lat' dir='ltr'>fine</span> <span class='ocrx_word' id='word_1_69' title='bbox 949 1123 1138 1155; x_wconf 84' lang='lat' dir='ltr'>comma</span> <span class='ocrx_word' id='word_1_70' title='bbox 1159 1109 1364 1171; x_wconf 90' lang='lat' dir='ltr'>primum</span> <span class='ocrx_word' id='word_1_71' title='bbox 1389 1111 1617 1158; x_wconf 89' lang='lat' dir='ltr'>terminet</span> <span class='ocrx_word' id='word_1_72' title='bbox 1632 1123 1650 1158; x_wconf 75' lang='lat' dir='ltr'>z·</span> 
     </span>
     <span class='ocr_line' id='line_1_13' title="bbox 358 1176 1695 1248; baseline 0.005 -22"><span class='ocrx_word' id='word_1_73' title='bbox 358 1178 475 1227; x_wconf 84' lang='lat' dir='ltr'>Hac</span> <span class='ocrx_word' id='word_1_74' title='bbox 498 1180 627 1228; x_wconf 74' lang='lat' dir='ltr'>enim</span> <span class='ocrx_word' id='word_1_75' title='bbox 650 1203 766 1248; x_wconf 77' lang='grc' dir='ltr'>τομῃ</span> <span class='ocrx_word' id='word_1_76' title='bbox 780 1176 1027 1243; x_wconf 67' lang='grc' dir='ltr'>Ρνοόαἰιίν</span> <span class='ocrx_word' id='word_1_77' title='bbox 1048 1190 1238 1232; x_wconf 79' lang='lat' dir='ltr'>metron</span> <span class='ocrx_word' id='word_1_78' title='bbox 1260 1184 1350 1232; x_wconf 83' lang='lat' dir='ltr'>hoc</span> <span class='ocrx_word' id='word_1_79' title='bbox 1374 1184 1695 1233; x_wconf 75' lang='lat' dir='ltr'>trochaicum.</span> 
     </span>
    </p>
   </div>
   <div class='ocr_carea' id='block_1_7' title="bbox 294 1288 1729 1585">
    <p class='ocr_par' dir='ltr' id='par_1_7' title="bbox 294 1288 1729 1585">
     <span class='ocr_line' id='line_1_14' title="bbox 294 1288 1729 1355; baseline 0.013 -30"><span class='ocrx_word' id='word_1_80' title='bbox 294 1288 393 1336; x_wconf 79' lang='lat' dir='ltr'>*V.</span> <span class='ocrx_word' id='word_1_81' title='bbox 425 1301 549 1337; x_wconf 74' lang='lat'>1102.</span> <span class='ocrx_word' id='word_1_82' title='bbox 591 1295 690 1341; x_wconf 82' lang='grc' dir='ltr'>Τοις</span> <span class='ocrx_word' id='word_1_83' title='bbox 728 1313 893 1355; x_wconf 64' lang='lat' dir='ltr'>xpc-rats*</span> <span class='ocrx_word' id='word_1_84' title='bbox 929 1302 1065 1342; x_wconf 78' lang='grc' dir='ltr'>είπειν</span> <span class='ocrx_word' id='word_1_85' title='bbox 1100 1317 1147 1341; x_wconf 82' lang='grc' dir='ltr'>τι</span> <span class='ocrx_word' id='word_1_86' title='bbox 1183 1295 1472 1354; x_wconf 82' lang='grc' dir='ltr'>βουλομεσθα</span> <span class='ocrx_word' id='word_1_87' title='bbox 1509 1318 1586 1352; x_wconf 85' lang='grc' dir='ltr'>της</span> <span class='ocrx_word' id='word_1_88' title='bbox 1621 1317 1729 1351; x_wconf 71' lang='lat' dir='ltr'>wens-</span> 
     </span>
     <span class='ocr_line' id='line_1_15' title="bbox 674 1390 790 1432; baseline -0.009 -17"><span class='ocrx_word' id='word_1_89' title='bbox 674 1390 790 1432; x_wconf 80' lang='grc' dir='ltr'>περι,</span> 
     </span>
     <span class='ocr_line' id='line_1_16' title="bbox 597 1445 1729 1512; baseline 0.006 -21"><span class='ocrx_word' id='word_1_90' title='bbox 597 1445 738 1495; x_wconf 58' lang='grc' dir='ltr'>Οιςἱρρὸ</span> <span class='ocrx_word' id='word_1_91' title='bbox 778 1449 904 1508; x_wconf 81' lang='grc' dir='ltr'><em>α’γαθ</em></span> <span class='ocrx_word' id='word_1_92' title='bbox 938 1469 987 1503; x_wconf 90' lang='grc' dir='ltr'>ην</span> <span class='ocrx_word' id='word_1_93' title='bbox 1023 1466 1222 1512; x_wconf 83' lang='grc' dir='ltr'>κρινωσιν</span> <span class='ocrx_word' id='word_1_94' title='bbox 1252 1448 1378 1504; x_wconf 64' lang='grc' dir='ltr'>’ἧμαςΔ</span> <span class='ocrx_word' id='word_1_95' title='bbox 1411 1469 1546 1496; x_wconf 81' lang='grc' dir='ltr'>πασιν</span> <span class='ocrx_word' id='word_1_96' title='bbox 1583 1469 1729 1504; x_wconf 66' lang='lat' dir='ltr'>aufe-ocs-</span> 
     </span>
     <span class='ocr_line' id='line_1_17' title="bbox 672 1519 902 1585; baseline 0.013 -17"><span class='ocrx_word' id='word_1_97' title='bbox 672 1519 902 1585; x_wconf 63' lang='grc' dir='ltr'>δωσομεν]</span> 
     </span>
    </p>
   </div>
   <div class='ocr_carea' id='block_1_8' title="bbox 291 1629 1731 1848">
    <p class='ocr_par' dir='ltr' id='par_1_8' title="bbox 291 1629 1731 1848">
     <span class='ocr_line' id='line_1_18' title="bbox 291 1629 1729 1702; baseline -0.001 -23"><span class='ocrx_word' id='word_1_98' title='bbox 291 1629 555 1679; x_wconf 72' lang='lat' dir='ltr'>Tro&#39;chaici</span> <span class='ocrx_word' id='word_1_99' title='bbox 578 1629 776 1678; x_wconf 89' lang='lat' dir='ltr'>alterius</span> <span class='ocrx_word' id='word_1_100' title='bbox 799 1632 938 1689; x_wconf 83' lang='lat' dir='ltr'>ratio,</span> <span class='ocrx_word' id='word_1_101' title='bbox 965 1647 1075 1679; x_wconf 89' lang='lat' dir='ltr'>cum</span> <span class='ocrx_word' id='word_1_102' title='bbox 1097 1632 1300 1695; x_wconf 87' lang='lat' dir='ltr'><strong>primam</strong></span> <span class='ocrx_word' id='word_1_103' title='bbox 1324 1632 1487 1680; x_wconf 87' lang='lat' dir='ltr'>sedem</span> <span class='ocrx_word' id='word_1_104' title='bbox 1511 1629 1729 1702; x_wconf 78' lang='lat' dir='ltr'>dactylus</span> 
     </span>
     <span class='ocr_line' id='line_1_19' title="bbox 292 1706 1731 1771; baseline 0.001 -16"><span class='ocrx_word' id='word_1_105' title='bbox 292 1713 512 1771; x_wconf 89' lang='lat' dir='ltr'>occupet,</span> <span class='ocrx_word' id='word_1_106' title='bbox 553 1707 836 1771; x_wconf 81' lang='lat' dir='ltr'>neutiquam</span> <span class='ocrx_word' id='word_1_107' title='bbox 870 1713 1073 1755; x_wconf 84' lang='lat' dir='ltr'>constat.</span> <span class='ocrx_word' id='word_1_108' title='bbox 1147 1707 1309 1755; x_wconf 89' lang='lat' dir='ltr'>Porro</span> <span class='ocrx_word' id='word_1_109' title='bbox 1338 1706 1455 1754; x_wconf 83' lang='lat' dir='ltr'>facit</span> <span class='ocrx_word' id='word_1_110' title='bbox 1488 1706 1619 1755; x_wconf 71' lang='lat' dir='ltr'>istud</span> <span class='ocrx_word' id='word_1_111' title='bbox 1652 1706 1731 1765; x_wconf 73' lang='grc' dir='ltr'>ὀις,</span> 
     </span>
     <span class='ocr_line' id='line_1_20' title="bbox 293 1780 1729 1848; baseline -0.001 -16"><span class='ocrx_word' id='word_1_112' title='bbox 293 1792 348 1832; x_wconf 92' lang='lat' dir='ltr'>ut</span> <span class='ocrx_word' id='word_1_113' title='bbox 369 1785 419 1832; x_wconf 87' lang='lat' dir='ltr'>in</span> <span class='ocrx_word' id='word_1_114' title='bbox 443 1784 666 1832; x_wconf 75' lang='lat' dir='ltr'>Oratione</span> <span class='ocrx_word' id='word_1_115' title='bbox 686 1785 927 1831; x_wconf 86' lang='lat' dir='ltr'>redundet</span> <span class='ocrx_word' id='word_1_116' title='bbox 949 1806 1110 1834; x_wconf 78' lang='grc' dir='ltr'>αυτοις</span> <span class='ocrx_word' id='word_1_117' title='bbox 1169 1780 1383 1832; x_wconf 88' lang='lat' dir='ltr'>Similem</span> <span class='ocrx_word' id='word_1_118' title='bbox 1416 1799 1547 1842; x_wconf 88' lang='lat' dir='ltr'>vero,</span> <span class='ocrx_word' id='word_1_119' title='bbox 1553 1798 1729 1848; x_wconf 77' lang='lat' dir='ltr'>quam</span> 
     </span>
    </p>
   </div>
   <div class='ocr_carea' id='block_1_9' title="bbox 293 1861 1731 2006">
    <p class='ocr_par' dir='ltr' id='par_1_9' title="bbox 293 1861 1731 2006">
     <span class='ocr_line' id='line_1_21' title="bbox 294 1861 1731 1930; baseline 0 -17"><span class='ocrx_word' id='word_1_120' title='bbox 294 1871 486 1922; x_wconf 86' lang='lat' dir='ltr'>vocant,</span> <span class='ocrx_word' id='word_1_121' title='bbox 533 1863 824 1930; x_wconf 83' lang='lat' dir='ltr'>elegantiam</span> <span class='ocrx_word' id='word_1_122' title='bbox 865 1865 997 1928; x_wconf 83' lang='lat' dir='ltr'>apud</span> <span class='ocrx_word' id='word_1_123' title='bbox 1039 1864 1292 1912; x_wconf 88' lang='lat' dir='ltr'>Comicum</span> <span class='ocrx_word' id='word_1_124' title='bbox 1331 1879 1568 1929; x_wconf 83' lang='lat' dir='ltr'>nusquam</span> <span class='ocrx_word' id='word_1_125' title='bbox 1613 1861 1731 1913; x_wconf 77' lang='lat' dir='ltr'>alias</span> 
     </span>
     <span class='ocr_line' id='line_1_22' title="bbox 293 1943 868 2006; baseline -0.002 -15"><span class='ocrx_word' id='word_1_126' title='bbox 293 1943 458 1991; x_wconf 70' lang='lat' dir='ltr'>videie</span> <span class='ocrx_word' id='word_1_127' title='bbox 489 1949 576 1990; x_wconf 88' lang='lat' dir='ltr'>est.</span> <span class='ocrx_word' id='word_1_128' title='bbox 647 1943 868 2006; x_wconf 85' lang='lat' dir='ltr'>Repone,</span> 
     </span>
    </p>
   </div>
   <div class='ocr_carea' id='block_1_10' title="bbox 1296 2077 1428 2087">
    <p class='ocr_par' dir='ltr' id='par_1_10' title="bbox 1296 2077 1428 2087">
     <span class='ocr_line' id='line_1_23' title="bbox 1296 2077 1428 2087; baseline 0 1045"><span class='ocrx_word' id='word_1_129' title='bbox 1296 2077 1428 2087; x_wconf 95' lang='lat' dir='ltr'> </span> 
     </span>
    </p>
   </div>
   <div class='ocr_carea' id='block_1_11' title="bbox 570 2053 1284 2118">
    <p class='ocr_par' dir='ltr' id='par_1_11' title="bbox 570 2053 1284 2118">
     <span class='ocr_line' id='line_1_24' title="bbox 570 2053 1284 2118; baseline -0.003 -17"><span class='ocrx_word' id='word_1_130' title='bbox 570 2064 643 2101; x_wconf 92' lang='grc' dir='ltr'>ΟΣ</span> <span class='ocrx_word' id='word_1_131' title='bbox 677 2058 819 2117; x_wconf 47' lang='grc' dir='ltr'><strong><em>α’γαθς</em></strong></span> <span class='ocrx_word' id='word_1_132' title='bbox 857 2077 906 2110; x_wconf 86' lang='grc' dir='ltr'>ην</span> <span class='ocrx_word' id='word_1_133' title='bbox 940 2057 1138 2118; x_wconf 72' lang='grc' dir='ltr'>ιὶρινωσιν</span> <span class='ocrx_word' id='word_1_134' title='bbox 1172 2053 1284 2108; x_wconf 77' lang='grc' dir='ltr'>ἡμας</span> 
     </span>
    </p>
   </div>
   <div class='ocr_carea' id='block_1_12' title="bbox 295 2158 1730 2385">
    <p class='ocr_par' dir='ltr' id='par_1_12' title="bbox 295 2158 1730 2385">
     <span class='ocr_line' id='line_1_25' title="bbox 295 2158 1730 2227; baseline 0.003 -22"><span class='ocrx_word' id='word_1_135' title='bbox 295 2158 559 2221; x_wconf 79' lang='lat' dir='ltr'>Judicibus</span> <span class='ocrx_word' id='word_1_136' title='bbox 593 2162 754 2210; x_wconf 81' lang='lat' dir='ltr'>dicere</span> <span class='ocrx_word' id='word_1_137' title='bbox 788 2160 978 2227; x_wconf 83' lang='lat' dir='ltr'>aliquid</span> <span class='ocrx_word' id='word_1_138' title='bbox 1016 2161 1070 2209; x_wconf 80' lang='lat' dir='ltr'>in</span> <span class='ocrx_word' id='word_1_139' title='bbox 1099 2160 1263 2208; x_wconf 80' lang='lat' dir='ltr'>animo</span> <span class='ocrx_word' id='word_1_140' title='bbox 1288 2159 1451 2208; x_wconf 79' lang='lat' dir='ltr'>estad</span> <span class='ocrx_word' id='word_1_141' title='bbox 1470 2158 1730 2209; x_wconf 60' lang='lat' dir='ltr'>victoriam</span> 
     </span>
     <span class='ocr_line' id='line_1_26' title="bbox 298 2229 1728 2306; baseline 0.002 -20"><span class='ocrx_word' id='word_1_142' title='bbox 298 2229 540 2301; x_wconf 82' lang='lat' dir='ltr'>spectans,</span> <span class='ocrx_word' id='word_1_143' title='bbox 566 2247 680 2305; x_wconf 83' lang='lat' dir='ltr'>quot</span> <span class='ocrx_word' id='word_1_144' title='bbox 701 2240 870 2306; x_wconf 80' lang='lat' dir='ltr'>utique</span> <span class='ocrx_word' id='word_1_145' title='bbox 894 2240 1038 2299; x_wconf 81' lang='lat' dir='ltr'><em>bona,</em></span> <span class='ocrx_word' id='word_1_146' title='bbox 1063 2240 1109 2288; x_wconf 85' lang='lat' dir='ltr'>si</span> <span class='ocrx_word' id='word_1_147' title='bbox 1124 2238 1263 2288; x_wconf 79' lang='lat' dir='ltr'>nobis</span> <span class='ocrx_word' id='word_1_148' title='bbox 1281 2256 1390 2300; x_wconf 71' lang='lat' dir='ltr'>eam</span> <span class='ocrx_word' id='word_1_149' title='bbox 1407 2238 1693 2303; x_wconf 77' lang='lat' dir='ltr'>adJ&#39;udicent</span> <span class='ocrx_word' id='word_1_150' title='bbox 1703 2259 1728 2297; x_wconf 87' lang='lat'><em>;</em></span> 
     </span>
     <span class='ocr_line' id='line_1_27' title="bbox 297 2317 1061 2385; baseline 0.003 -20"><span class='ocrx_word' id='word_1_151' title='bbox 297 2317 361 2366; x_wconf 79' lang='lat' dir='ltr'>iis</span> <span class='ocrx_word' id='word_1_152' title='bbox 383 2318 608 2368; x_wconf 82' lang='lat' dir='ltr'>omnibus</span> <span class='ocrx_word' id='word_1_153' title='bbox 630 2321 872 2385; x_wconf 79' lang='lat' dir='ltr'>largituri</span> <span class='ocrx_word' id='word_1_154' title='bbox 892 2320 1061 2369; x_wconf 82' lang='lat' dir='ltr'>simus.</span> 
     </span>
    </p>
   </div>
   <div class='ocr_carea' id='block_1_13' title="bbox 296 2461 1789 2838">
    <p class='ocr_par' dir='ltr' id='par_1_13' title="bbox 296 2461 1789 2838">
     <span class='ocr_line' id='line_1_28' title="bbox 355 2461 1728 2513; baseline 0.002 -15"><span class='ocrx_word' id='word_1_155' title='bbox 355 2463 446 2498; x_wconf 75' lang='lat'>225.</span> <span class='ocrx_word' id='word_1_156' title='bbox 478 2466 502 2484; x_wconf 88' lang='lat'><strong>“</strong></span> <span class='ocrx_word' id='word_1_157' title='bbox 518 2463 712 2513; x_wconf 81' lang='lat' dir='ltr'>vulgatum</span> <span class='ocrx_word' id='word_1_158' title='bbox 730 2465 866 2503; x_wconf 83' lang='lat' dir='ltr'>citante</span> <span class='ocrx_word' id='word_1_159' title='bbox 881 2461 933 2502; x_wconf 90' lang='lat' dir='ltr'><em>M</em></span> <span class='ocrx_word' id='word_1_160' title='bbox 933 2477 988 2502; x_wconf 80' lang='lat' dir='ltr'>us·</span> <span class='ocrx_word' id='word_1_161' title='bbox 1043 2463 1139 2500; x_wconf 89' lang='lat' dir='ltr'>Vide</span> <span class='ocrx_word' id='word_1_162' title='bbox 1152 2475 1266 2512; x_wconf 79' lang='lat' dir='ltr'>supra</span> <span class='ocrx_word' id='word_1_163' title='bbox 1277 2474 1313 2511; x_wconf 82' lang='lat' dir='ltr'>p.</span> <span class='ocrx_word' id='word_1_164' title='bbox 1328 2465 1416 2500; x_wconf 84' lang='lat'>158.</span> <span class='ocrx_word' id='word_1_165' title='bbox 1446 2462 1617 2512; x_wconf 74' lang='lat' dir='ltr'>AEschyl.</span> <span class='ocrx_word' id='word_1_166' title='bbox 1630 2463 1728 2502; x_wconf 85' lang='lat' dir='ltr'>P.V.</span> 
     </span>
     <span class='ocr_line' id='line_1_29' title="bbox 296 2526 1728 2580; baseline 0.003 -17"><span class='ocrx_word' id='word_1_167' title='bbox 296 2526 429 2577; x_wconf 72' lang='lat' dir='ltr'>gravio</span> <span class='ocrx_word' id='word_1_168' title='bbox 483 2527 688 2568; x_wconf 81' lang='lat' dir='ltr'>Exercitat.</span> <span class='ocrx_word' id='word_1_169' title='bbox 762 2532 889 2580; x_wconf 87' lang='lat' dir='ltr'>Eurip.</span> <span class='ocrx_word' id='word_1_170' title='bbox 934 2543 986 2577; x_wconf 88' lang='lat'>11,</span> <span class='ocrx_word' id='word_1_171' title='bbox 1042 2535 1133 2575; x_wconf 81' lang='lat'><strong>273.</strong></span> <span class='ocrx_word' id='word_1_172' title='bbox 1150 2534 1241 2574; x_wconf 82' lang='lat'><strong>447.</strong></span> <span class='ocrx_word' id='word_1_173' title='bbox 1261 2532 1354 2573; x_wconf 83' lang='lat'>701.</span> <span class='ocrx_word' id='word_1_174' title='bbox 1398 2528 1512 2567; x_wconf 82' lang='lat' dir='ltr'>Eum.</span> <span class='ocrx_word' id='word_1_175' title='bbox 1530 2527 1728 2574; x_wconf 64' lang='lat' dir='ltr'><strong>114.67ffi</strong></span> 
     </span>
     <span class='ocr_line' id='line_1_30' title="bbox 301 2587 1789 2643; baseline 0.007 -18"><span class='ocrx_word' id='word_1_176' title='bbox 301 2587 361 2626; x_wconf 84' lang='lat'>5.‘&#39;</span> <span class='ocrx_word' id='word_1_177' title='bbox 396 2588 447 2627; x_wconf 88' lang='lat' dir='ltr'>R.</span> <span class='ocrx_word' id='word_1_178' title='bbox 471 2588 519 2627; x_wconf 90' lang='lat' dir='ltr'>P.</span> <span class='ocrx_word' id='word_1_179' title='bbox 553 2593 652 2641; x_wconf 80' lang='lat' dir='ltr'>apud</span> <span class='ocrx_word' id='word_1_180' title='bbox 688 2594 735 2631; x_wconf 88' lang='lat' dir='ltr'>P.</span> <span class='ocrx_word' id='word_1_181' title='bbox 757 2594 803 2631; x_wconf 92' lang='lat' dir='ltr'>P.</span> <span class='ocrx_word' id='word_1_182' title='bbox 824 2594 880 2632; x_wconf 92' lang='lat' dir='ltr'>D.</span> <span class='ocrx_word' id='word_1_183' title='bbox 930 2594 988 2632; x_wconf 70' lang='lat'>‹3&#39;0’</span> <span class='ocrx_word' id='word_1_184' title='bbox 1044 2597 1090 2634; x_wconf 91' lang='lat'>11.</span> <span class='ocrx_word' id='word_1_185' title='bbox 1105 2597 1158 2643; x_wconf 86' lang='grc' dir='ltr'>Δ,</span> <span class='ocrx_word' id='word_1_186' title='bbox 1178 2598 1270 2633; x_wconf 80' lang='grc'><strong>435.</strong></span> <span class='ocrx_word' id='word_1_187' title='bbox 1299 2599 1324 2617; x_wconf 82' lang='grc'><em>“</em></span> <span class='ocrx_word' id='word_1_188' title='bbox 1340 2593 1471 2631; x_wconf 70' lang='lat' dir='ltr'>Onu-ee</span> <span class='ocrx_word' id='word_1_189' title='bbox 1489 2593 1633 2631; x_wconf 82' lang='lat' dir='ltr'>codices</span> <span class='ocrx_word' id='word_1_190' title='bbox 1651 2605 1731 2633; x_wconf 70' lang='lat' dir='ltr'>cun</span> <span class='ocrx_word' id='word_1_191' title='bbox 1784 2631 1789 2636; x_wconf 78' lang='grc'><em>,</em></span> 
     </span>
     <span class='ocr_line' id='line_1_31' title="bbox 299 2653 1731 2705; baseline 0.004 -15"><span class='ocrx_word' id='word_1_192' title='bbox 299 2653 411 2701; x_wconf 75' lang='grc' dir='ltr'><strong><em>ἀγάθ’</em></strong></span> <span class='ocrx_word' id='word_1_193' title='bbox 449 2653 547 2692; x_wconf 73' lang='lat' dir='ltr'><strong>Rav.</strong></span> <span class='ocrx_word' id='word_1_194' title='bbox 593 2653 641 2693; x_wconf 72' lang='grc' dir='ltr'>οῖ’</span> <span class='ocrx_word' id='word_1_195' title='bbox 679 2656 741 2705; x_wconf 80' lang='grc' dir='ltr'><strong>α’γ.</strong></span> <span class='ocrx_word' id='word_1_196' title='bbox 794 2657 845 2695; x_wconf 87' lang='lat' dir='ltr'>R.</span> <span class='ocrx_word' id='word_1_197' title='bbox 867 2657 914 2696; x_wconf 88' lang='grc' dir='ltr'><strong>Β.</strong></span> <span class='ocrx_word' id='word_1_198' title='bbox 954 2663 991 2695; x_wconf 87' lang='grc'><strong>1.</strong></span> <span class='ocrx_word' id='word_1_199' title='bbox 1045 2660 1132 2698; x_wconf 71' lang='lat' dir='ltr'>edit.</span> <span class='ocrx_word' id='word_1_200' title='bbox 1149 2660 1178 2697; x_wconf 93' lang='lat' dir='ltr'>F</span> <span class='ocrx_word' id='word_1_201' title='bbox 1182 2659 1311 2697; x_wconf 78' lang='lat' dir='ltr'>lorent.</span> <span class='ocrx_word' id='word_1_202' title='bbox 1330 2662 1368 2695; x_wconf 79' lang='lat' dir='ltr'>et</span> <span class='ocrx_word' id='word_1_203' title='bbox 1386 2656 1559 2696; x_wconf 68' lang='lat' dir='ltr'>Eustath.</span> <span class='ocrx_word' id='word_1_204' title='bbox 1577 2656 1731 2696; x_wconf 75' lang='grc' dir='ltr'>α’κοιῖονν</span> 
     </span>
     <span class='ocr_line' id='line_1_32' title="bbox 301 2718 1728 2775; baseline 0.006 -20"><span class='ocrx_word' id='word_1_205' title='bbox 301 2718 398 2756; x_wconf 89' lang='lat' dir='ltr'>Vide</span> <span class='ocrx_word' id='word_1_206' title='bbox 441 2718 537 2758; x_wconf 83' lang='lat' dir='ltr'>infra</span> <span class='ocrx_word' id='word_1_207' title='bbox 583 2733 620 2770; x_wconf 87' lang='lat' dir='ltr'>p.</span> <span class='ocrx_word' id='word_1_208' title='bbox 659 2724 750 2768; x_wconf 78' lang='lat'>524,</span> <span class='ocrx_word' id='word_1_209' title='bbox 812 2735 849 2759; x_wconf 92' lang='lat' dir='ltr'>n.</span> <span class='ocrx_word' id='word_1_210' title='bbox 897 2727 988 2766; x_wconf 76' lang='lat'><strong>227.</strong></span> <span class='ocrx_word' id='word_1_211' title='bbox 1044 2742 1121 2771; x_wconf 80' lang='grc' dir='ltr'><strong><em>σαι,</em></strong></span> <span class='ocrx_word' id='word_1_212' title='bbox 1139 2724 1237 2774; x_wconf 69' lang='lat' dir='ltr'>quod</span> <span class='ocrx_word' id='word_1_213' title='bbox 1251 2722 1412 2769; x_wconf 56' lang='lat' dir='ltr'>suavius,</span> <span class='ocrx_word' id='word_1_214' title='bbox 1440 2725 1483 2759; x_wconf 77' lang='lat' dir='ltr'>ut</span> <span class='ocrx_word' id='word_1_215' title='bbox 1500 2721 1551 2759; x_wconf 92' lang='lat' dir='ltr'>II.</span> <span class='ocrx_word' id='word_1_216' title='bbox 1579 2723 1628 2775; x_wconf 75' lang='grc' dir='ltr'>Σ,</span> <span class='ocrx_word' id='word_1_217' title='bbox 1663 2726 1728 2763; x_wconf 67' lang='lat'>5³.</span> 
     </span>
     <span class='ocr_line' id='line_1_33' title="bbox 301 2783 1569 2838; baseline 0.003 -18"><span class='ocrx_word' id='word_1_218' title='bbox 301 2787 338 2821; x_wconf 85' lang='lat'>3.</span> <span class='ocrx_word' id='word_1_219' title='bbox 369 2788 394 2806; x_wconf 93' lang='lat'><strong>“</strong></span> <span class='ocrx_word' id='word_1_220' title='bbox 408 2783 587 2825; x_wconf 68' lang='lat' dir='ltr'>axovoao’</span> <span class='ocrx_word' id='word_1_221' title='bbox 610 2785 712 2824; x_wconf 57' lang='lat' dir='ltr'>edd?</span> <span class='ocrx_word' id='word_1_222' title='bbox 751 2785 987 2837; x_wconf 73' lang='lat' dir='ltr'>Burgessz&#39;us.</span> <span class='ocrx_word' id='word_1_223' title='bbox 1043 2794 1081 2827; x_wconf 85' lang='lat' dir='ltr'>et</span> <span class='ocrx_word' id='word_1_224' title='bbox 1101 2787 1232 2838; x_wconf 64' lang='lat' dir='ltr'>odyss·</span> <span class='ocrx_word' id='word_1_225' title='bbox 1253 2787 1296 2826; x_wconf 84' lang='lat' dir='ltr'>T.</span> <span class='ocrx_word' id='word_1_226' title='bbox 1316 2786 1426 2827; x_wconf 61' lang='lat'>2⁰4!</span> <span class='ocrx_word' id='word_1_227' title='bbox 1453 2784 1503 2823; x_wconf 90' lang='lat' dir='ltr'>R.</span> <span class='ocrx_word' id='word_1_228' title='bbox 1519 2784 1569 2825; x_wconf 78' lang='lat' dir='ltr'>B.</span> 
     </span>
    </p>
   </div>
  </div>
 </body>
</html>
