1786 3178
212 264 243 296 X
271 264 275 268 ⁴
785 268 1061 300 PRAEFATIO.

213 359 525 420 nobilissimo,
553 363 635 425 qui
660 363 822 410 omnia
838 369 936 411 tam
955 371 1123 412 sancta
1146 379 1288 429 quam
1312 362 1517 427 profana
1538 365 1656 410 sen?

212 446 375 495 tentiis
407 448 802 512 inquinatissimis
832 465 1179 514 oonspurcasse
1210 446 1485 515 gloriatur?
1554 448 1661 496 Fass
1709 458 1712 461 ’

213 533 342 582 bulae
364 536 486 583 adeo
505 536 639 598 poesi
657 543 706 584 et
723 537 974 600 sapientia,
994 538 1126 586 velut
1143 536 1341 585 stellulis
1360 535 1648 599 quibusdam

215 620 294 667 hic
326 621 420 667 illic
451 622 768 670 emicantibus
793 623 1125 682 interstinctus,
1164 623 1370 671 subinde
1393 622 1648 688 effulgent,

215 713 268 753 ut
292 707 393 754 illas
418 707 636 756 Platonis
659 710 977 758 admiratione
1008 712 1181 776 dignas
1214 711 1323 775 quis
1345 706 1652 775 deneg-uret?

216 790 444 855 Quisquis
488 793 638 858 igitur
683 795 827 842 etiam
884 796 1221 860 Aristophanis
1264 796 1460 844 soccum
1504 800 1650 852 mete

213 878 475 942 paullisper
517 881 741 931 detritum
789 889 873 930 aut
923 884 1136 948 graviter
1181 881 1461 930 mutilatum.
1493 880 1650 946 digne

215 965 461 1023 resarciat,
486 966 697 1015 favorem
717 969 868 1016 doctis
886 976 1129 1032 speratum
1149 969 1322 1016 merito
1337 968 1651 1031 adipiscetur.

285 1052 644 1113 Quaerentibus,
670 1055 788 1119 quid
804 1062 994 1103 exteras
1011 1057 1138 1104 inter
1155 1064 1328 1121 gentes
1345 1055 1660 1107 eruditissimi

219 1141 278 1187 de
330 1140 562 1189 Dawesz'o
608 1143 861 1200 senserint,
920 1137 1202 1207 responsum
1247 1145 1364 1192 dare
1423 1143 1693 1207 temperis·

220 1226 406 1274 ratione
444 1228 659 1277 adhibita
697 1229 814 1277 mihi
850 1245 1231 1293 proposueram;
1269 1231 1352 1278 sed
1375 1230 1468 1278 hoc
1491 1229 1660 1277 labore

220 1310 399 1361 frustra
421 1322 643 1379 suscepto
667 1318 916 1365 commode
955 1319 1308 1381 supersedeam.
1382 1318 1524 1381 Apud
1546 1333 1659 1366 nos-

221 1405 368 1448 trates
424 1401 799 1466 Masgravium,
868 1403 1213 1469 Tyrwhittwm
1275 1412 1324 1453 et
1375 1405 1660 1454 Por-sonum

225 1488 578 1551 compellarem,
625 1507 745 1555 quos
791 1491 1071 1556 gravissima
1124 1490 1462 1548 Valckenmi,
1514 1490 1664 1538 Pier-

223 1574 348 1633 soni,
386 1575 583 1634 Koem'i,
629 1584 679 1623 et
708 1577 1012 1634 Ruhnkenii,
1059 1577 1311 1625 firmarent
1353 1575 1659 1625 testimonia:

225 1660 315 1707 nisi
360 1661 410 1709 in
451 1678 504 1710 re
548 1679 647 1711 non
694 1663 842 1711 dubia
884 1651 1087 1711 testibus
1132 1679 1230 1711 non
1273 1662 1555 1711 necessariis
1590 1661 1664 1708 uti

223 1749 426 1798 viderer.
486 1751 551 1799 Et
588 1757 762 1798 tamen
793 1750 871 1798 hic
912 1756 985 1798 est
1024 1749 1304 1805 Dawesius,
1345 1763 1490 1812 quem
1528 1747 1666 1798 vafer

225 1838 316 1886 iste
338 1817 573 1887 Reislcius
607 1855 708 1902 prae
739 1856 790 1887 se
827 1823 1111 1910 contemnit,
1145 1837 1356 1902 sugillat,
1392 1836 1661 1885 conculcat.

207 1927 325 1973 ‘Sed
360 1927 517 1990 ipsum
555 1944 616 1974 ex
648 1943 735 1974 suo
775 1923 1030 1974 nari-antid
1058 1937 1144 1973 ore
1188 1922 1470 1985 audiamus:
1530 1928 1563 1948 “
1586 1923 1669 1974 De

229 2019 441 2071 cetero‚’
477 2014 699 2076 inquit‘
703 2013 970 2077 ‘intelligas
984 2015 1043 2060 et
1066 2028 1129 2060 ex
1149 1998 1458 2083 istd3igonatu
1446 2008 1484 2036 t
1515 2006 1671 2078 [mk

231 2099 332 2147 toni
353 2095 654 2162 vertendi]‘
662 2102 745 2145 ‘et
769 2115 828 2146 ex
853 2099 971 2161 ipso
1014 2114 1159 2162 quem
1180 2098 1232 2147 lu
1312 2105 1322 2111 ,.
1447 2100 1454 2111 ,

231 2185 668 2233 Μίεοείἰαηεοναφη
693 2183 1002 2243 Criticorum,
1024 2185 1196 2232 Autori
1214 2158 1670 2250 naturaimkemum

231 2271 607 2337 ludimagistrale
643 2270 917 2336 contigisse.
980 2271 1221 2334 Regnat
1209 2287 1258 2317 m
1295 2287 1355 2318 eo
1386 2272 1672 2336 grammati-

235 2374 397 2405 carum
435 2358 744 2405 minutiarum
779 2358 1086 2405 immodicum
1127 2358 1353 2416 studium,
1395 2374 1525 2422 saepe
1562 2359 1668 2407 inu·

237 2449 383 2495 tiliter
404 2449 638 2496 collocata
666 2449 909 2507 sedulitas,
949 2449 1099 2497 fastus
1123 2449 1344 2498 immanis
1368 2456 1418 2496 et
1441 2449 1668 2497 intolera-

237 2536 357 2593 bilis,
407 2537 455 2583 in
495 2543 681 2583 ceteros
721 2535 897 2599 passim
933 2535 1197 2584 desaeviens
1235 2536 1427 2584 maximi
1463 2535 1671 2582 nominis

237 2623 380 2679 viros,
433 2623 517 2670 sed
557 2622 802 2685 praecipue
846 2623 896 2669 in
949 2620 1260 2670 Richardum
1317 2627 1366 2669 et
1428 2618 1670 2667 Thomam

239 2707 503 2765 Bentleios,
563 2714 611 2755 et
667 2706 771 2755 Jos.
819 2706 1136 2766 Barnesium,
1196 2709 1455 2756 vehemens
1507 2707 1559 2754 in
1618 2699 1675 2754 re¹

242 2794 424 2842 mini-mi
449 2793 677 2841 momenti
701 2795 973 2853 commotio,
1011 2811 1343 2860 novarumque
1371 2794 1670 2858 opinionum,

242 2879 374 2927 haud·
411 2894 522 2928 raro
556 2894 792 2943 perquam
827 2880 1229 2944 improbabilium,
1271 2880 1438 2930 saltem
1469 2881 1676 2929 iucem·
