1864 3132
918 259 1017 308 398

245 362 392 428 Soph.
420 363 598 413 Electr.
630 374 736 414 1058
763 363 939 429 (1052).
1528 417 1530 420 .

665 452 753 490 OY·
768 465 838 491 σοι
868 452 957 491 ΜΗ
988 452 1335 492 ΜΕΘΕῩΟΜΑΙ
1371 465 1503 492 ποτε.

246 530 490 594 Aristoph.
518 531 607 578 Av.
633 536 732 579 461.

314 611 438 668 ΛεΎε
487 610 723 671 θαρρησας·
783 607 837 658 ὠς
879 629 960 658 τας
1005 605 1196 659 σπονδας
1238 617 1313 656 ΟΥ
1350 616 1439 655 ΜΗ
1475 627 1692 672 προτερον

378 693 747 732 rlAPABssMEN.
823 690 826 694 ’

243 799 310 806 ——
334 770 378 819 L
411 789 447 820 s.
473 783 573 826 493.

311 790 499 913 ‘roy‘yap
534 871 748 915 αρΎυριον
780 873 896 899 ‘rou-r
933 860 1143 900 OYKETI
1180 860 1269 900 ΜΗ
1305 859 1654 900 ΚΑΘΕΛΩΣΙΝ.

245 935 394 1000 Soph.
421 936 601 985 Electr.
635 947 741 985 1035
768 939 941 1001 (1029).

312 1018 417 1060 Αλλ
454 1022 645 1062 ογΠοτΓ
680 1013 731 1075 εξ
765 1036 870 1069 mov
904 1036 964 1076 γε
1002 1023 1090 1063 ΜΗ
1128 1024 1354 1065 ΜΑΘΗῙΣ
1387 1011 1507 1064 τοδε.

244 1111 362 1161 Noli
379 1112 484 1178 jam
510 1113 736 1177 deinceps
761 1115 983 1163 dubitare
1008 1115 1126 1178 quin
1143 1115 1293 1172 locus,
1319 1115 1379 1163 de
1397 1129 1498 1178 quo
1509 1112 1692 1178 agitur,

245 1190 308 1236 ad
331 1189 545 1253 priorum
583 1191 909 1254 exemplorum
948 1208 1167 1240 normam
1204 1191 1474 1257 exigendus
1508 1190 1584 1248 sit,
1621 1194 1692 1237 Ου

112 1274 206 1315 223
242 1282 304 1323 μη
342 1275 642 1319 ΛῌΡΗΣΕΙΣ.
727 1267 804 1315 Ex
843 1269 1010 1316 iisdem
1051 1275 1241 1316 constat
1279 1268 1505 1316 *frustra
1542 1266 1693 1314 fuisse

245 1366 327 1391 τον
361 1367 472 1391 πανυ
508 1343 826 1409 Scaligerum,
875 1345 958 1410 qui
1002 1361 1194 1393 versum
1241 1355 1341 1394 505.
1401 1345 1471 1392 sic
1514 1342 1693 1408 refingi

245 1422 481 1472 voluerit:

383 1527 452 1570 Ου
486 1544 546 1579 μη
579 1530 796 1592 λαλησῃς,
833 1529 924 1570 αλλ
958 1525 1252 1590 ακολουθησῃς
1286 1543 1399 1578 εμοι.

246 1623 347 1671 Ubi
395 1623 542 1689 vulgo
586 1623 819 1688 leguntur
856 1631 1066 1680 λαλησεις
1111 1624 1161 1670 et
1199 1625 1510 1690 ακολουθησῃς.
1580 1617 1696 1670 Nec

249 1716 366 1748 vero
410 1700 482 1747 vir
528 1716 742 1747 summus
790 1700 1028 1748 sinceram
1088 1699 1324 1746 duntaxat
1368 1698 1562 1762 'partem
1602 1696 1696 1745 sol·

246 1774 465 1833 licitavit,
511 1777 595 1823 sed
635 1783 684 1823 et
729 1792 897 1824 verum
943 1775 1079 1824 ulcus
1123 1775 1398 1823 incuratum
1443 1771 1691 1837 praeteriit.

249 1848 558 1915 Rescriptum
584 1869 700 1900 vero
725 1852 954 1916 oportuit,

385 1957 451 2000 Ου
479 1975 539 2009 μη
567 1962 867 2010 ΛΑΛΗΣΕΙΣ,
904 1960 997 2001 αλλ
1025 1959 1472 2000 ΑΚΟΛΟΥΘΗΣΕΙΣ
1500 1971 1609 2004 εμοι.

249 2052 361 2112 Quo
385 2052 543 2098 minus
565 2057 727 2098 autem
753 2052 940 2099 mireris
964 2052 1195 2100 aoristum
1220 2050 1580 2116 subjunctivum
1602 2065 1693 2113 pro

247 2128 413 2175 futuro
435 2128 694 2176 indicativo
717 2128 937 2177 librarios
960 2130 1221 2193 aliquando
1245 2145 1485 2188 exarasse,
1526 2129 1608 2178 ubi
1630 2129 1694 2177 de

248 2221 362 2254 vera
400 2205 608 2253 lectione
648 2206 787 2254 metri
832 2208 954 2255 ratio
1002 2208 1109 2256 silet
1127 2227 1140 2265 ;
1199 2208 1347 2256 faciet
1391 2208 1523 2272 quod
1564 2208 1694 2273 apud
1731 2207 1738 2215 '

250 2282 537 2346 Sophoclem
597 2281 723 2348 [Tr.
761 2285 899 2347 980]
958 2292 1128 2334 contra
1184 2285 1473 2333 certissimas
1525 2299 1693 2334 versus

249 2360 529 2423 anapaestici
553 2360 687 2425 leges
711 2360 836 2408 idem
862 2360 1043 2409 factum
1068 2362 1343 2426 reperiatur
1363 2381 1374 2411 ε

383 2454 449 2497 Ου
477 2472 538 2505 μη
567 2457 866 2498 ΞΕΓΕΙΡΗΙΣ
896 2474 976 2500 τον
1006 2451 1125 2513 tin-unp
1153 2473 1364 2516 κατ-οχον,

384 2529 663 2591 Κᾳκκινησῃς,
699 2548 993 2594 κᾳναστησῃς.

248 2626 430 2676 Prioris
469 2625 639 2688 utique
674 2642 840 2674 versus
875 2628 1047 2690 pedem
1095 2627 1358 2676 secundum
1406 2626 1499 2674 hoc
1545 2633 1690 2691 pacto

247 2705 380 2753 vides
416 2718 520 2750 esse
558 2702 815 2750 bacchium
850 2714 1099 2768 anapaesto
1121 2704 1416 2769 temporibus
1440 2703 1686 2767 imparem.

248 2781 443 2846 Legent
478 2794 594 2827 vero
633 2779 863 2844 deinceps
899 2781 991 2828 nisi
1029 2780 1110 2846 qui
1148 2787 1246 2828 tam
1280 2780 1514 2828 sermonis
1543 2794 1687 2844 quam

247 2858 387 2906 metri
411 2855 619 2905 indolem
643 2871 822 2919 susque
846 2857 1006 2921 deque
1030 2857 1229 2914 habent,
