1864 3132
921 214 1023 262 540

245 318 361 366 alibi
392 318 534 366 etiam
568 319 629 366 ad
665 336 796 367 vers„
820 327 911 372 167.
963 320 1116 368 virum
1152 319 1478 368 doctissimum
1517 319 1682 373 vendi-

247 402 428 443 tantem
454 397 616 444 videre
652 404 751 446 est:
808 397 994 445 “Idem
1035 413 1151 445 sane
1174 397 1291 445 dicit
1315 396 1679 460 Aristophanes,

247 477 279 496 “
300 488 358 519 ac
381 473 420 521 si
446 473 767 521 inclamitaret
789 491 816 522 e
838 476 1093 540 proscenio
1114 494 1124 525 :

448 568 491 609 N
497 585 553 617 vv,
589 585 621 609 ω
651 565 820 618 Oea-raa,
851 571 1192 628 λακκοπρωκτον
1229 585 1315 612 εστ
1347 559 1462 621 adem,

447 643 642 686 Μαλλον
670 635 715 685 δε
745 660 931 701 Ὑυναικα
957 661 1129 696 μεστην
1155 661 1488 705 ευρυπρωκτιας.

245 733 276 752 “
301 727 398 775 Sed
417 728 544 774 unde
565 727 626 774 illi
645 728 741 775 duo
760 725 963 775 versus?
988 744 1168 791 quaere,
1195 735 1244 775 et
1263 728 1442 775 frustra
1462 716 1678 790 quae1·es;

243 811 275 830 ‘⁶
300 806 346 852 ni
384 806 551 852 dixero
587 805 674 853 tibi
715 806 763 852 in
805 822 988 863 aurem,
1026 806 1132 869 quis
1167 797 1355 854 illorum
1381 805 1543 853 Faber
1567 804 1678 851 sit.”

243 884 308 931 At
331 883 385 940 si,
411 882 564 948 qualis
587 899 752 930 eorum
762 882 919 948 faber
941 882 1102 941 fuerit,
1127 884 1251 931 scire
1274 883 1439 931 itidem
1462 881 1641 947 gestias
1661 899 1676 938 3

240 960 384 1008 liceat
430 967 480 1008 et
524 961 641 1007 mihi
686 960 890 1009 vicissim
936 960 1025 1008 tibi
1069 961 1119 1007 in
1159 977 1326 1009 aurem
1374 960 1678 1007 insusurrare

241 1038 561 1086 Horatianum
587 1027 702 1085 illud
721 1056 731 1087 :

306 1125 569 1173 AEmilium
592 1125 726 1173 circa
751 1125 923 1173 ludum
945 1125 1085 1174 faber
1107 1142 1240 1173 unus
1251 1126 1310 1151 25⁰
1333 1132 1380 1172 et
1402 1136 1604 1187 ungues
1664 1130 1671 1134 ’

306 1200 586 1264 Exprimet,
629 1208 676 1250 et
698 1203 868 1250 molles
891 1201 1168 1250 imitabitur
1189 1218 1286 1250 oere
1307 1200 1511 1264 capillos
1527 1219 1549 1256 ,-

308 1279 485 1327 Infelix
508 1280 666 1344 operis
690 1286 891 1338 summa,
925 1279 1039 1343 quia
1061 1295 1245 1344 ponere
1268 1286 1422 1326 totum

307 1357 515 1405 Nesciet
530 1386 664 1391 ——

241 1442 421 1490 Verum
455 1445 504 1491 in
538 1451 800 1492 metrorum
834 1445 1021 1492 ratione
1051 1451 1302 1508 utcunque
1324 1442 1491 1491 infelix
1513 1442 1677 1501 fuerit,

239 1526 371 1568 recte
417 1528 579 1569 tamen
613 1521 854 1586 judicavit
899 1521 1133 1569 sermonis
1178 1519 1678 1583 indolem2postulare

237 1600 278 1660 ἇς
302 1623 370 1648 αν.
430 1600 564 1648 Idem
591 1601 750 1658 etiam,
792 1602 862 1648 uti
893 1617 1003 1648 mox
1038 1600 1238 1658 videbis,
1270 1596 1432 1663 ipsum
1472 1604 1677 1646 metrum

239 1678 406 1742 exigit.

291 1969 383 2005 250.
414 1967 810 2008 Hor.A.P.32—35.
834 1968 927 2004 imus

238 2031 334 2069 Edd.
363 2037 389 2055 ‘⁴
409 2032 480 2069 hoc
499 2038 566 2079 est,
594 2032 766 2070 interiore
790 2031 926 2081 angulo

234 2094 337 2131 fori.''
365 2093 536 2145 Scaliger
550 2096 597 2132 ad
610 2094 749 2132 catull.
769 2108 804 2143 p.
821 2097 919 2131 51=

236 2157 322 2203 61.;
350 2158 447 2196 conf.
462 2159 597 2195 adl.in
610 2159 668 2196 ed.
681 2158 793 2195 Cant.
810 2161 925 2201 1817.

290 2228 382 2262 251.
410 2229 436 2247 ‘⁴
458 2223 531 2260 Hic
562 2224 689 2273 incipit
719 2223 835 2261 Chori
864 2221 928 2270 με’-

235 2296 301 2327 λος·
325 2286 595 2339 πρεσβυτικόν.
625 2286 752 2324 Schol.
783 2287 925 2325 Cantus

235 2352 392 2402 stropha.
426 2357 574 2390 constat
608 2357 646 2390 et
680 2352 925 2401 antistropha.

236 2417 379 2455 Versus
409 2416 577 2471 [initialis
598 2416 636 2453 in
664 2417 835 2468 utraque]
864 2417 927 2454 he-

235 2481 468 2521 mistichium
501 2482 602 2531 prius
636 2488 694 2520 est
725 2482 926 2520 dimetrum

235 2547 439 2585 iambicum
464 2546 737 2592 acatalectum;
766 2547 926 2585 alterum

235 2611 924 2661 hephthemimerestroehaicquuae

235 2680 449 2726 sequuntur,
480 2678 567 2710 sunt
589 2672 715 2710 Ionica
742 2673 925 2723 hephthe-

234 2739 395 2776 mimera
421 2728 591 2788 (quoi-uni
609 2737 824 2786 exemplum
848 2743 924 2775 tra-

233 2802 325 2843 didit
344 2797 562 2851 Hephaestio
590 2801 629 2839 in
659 2800 763 2838 initio
791 2802 923 2851 capitis

478 1679 639 1743 Atque
662 1679 729 1726 ita
753 1679 943 1743 quidem
968 1678 1099 1726 clare
1123 1678 1244 1743 legit
1265 1676 1452 1725 Suidas.
1523 1675 1678 1724 Nunc

99 1759 199 1800 312
238 1756 267 1785 *
283 1754 393 1802 vide
429 1771 711 1820 germanam
753 1771 980 1803 versuum
1019 1756 1082 1804 ab
1114 1755 1443 1818 Aristophane
1482 1752 1677 1818 profec⁴

237 1837 397 1879 torum
420 1831 622 1880 formam
648 1833 844 1880 tandem
867 1832 1129 1896 aliquando
1154 1832 1485 1880 instauratam.

1488 1830 1544 1856 251

981 1967 1026 2004 de
1063 1965 1193 2004 Ionico
1230 1979 1253 2003 α
1288 1966 1442 2016 Majore
1485 1966 1547 2016 [p.
1564 1962 1676 2022 62])

968 2035 1067 2067 'cum
1104 2030 1279 2069 ‚dimetris
1334 2028 1671 2079 brachycatalectis

980 2102 1079 2132 certo
1087 2094 1210 2131 ordine
1220 2093 1501 2143 disposita.”M
1510 2093 1651 2144 Raper.
1659 2110 1671 2140 ;

981 2157 1076 2195 conf.
1091 2156 1287 2208 Gaisford.
1306 2157 1353 2194 ad
1373 2157 1398 2194 l.
1411 2171 1474 2207 pp.
1493 2157 1585 2207 336,
1606 2163 1642 2203 7.
1659 2174 1670 2205 ;

981 2228 1018 2260 et
1035 2222 1205 2272 inprimis
1231 2223 1355 2260 virum
1381 2223 1673 2273 eruditissimum

981 2291 1018 2324 et
1035 2285 1322 2332 amicissimum,
1343 2286 1389 2324 P.
1410 2286 1456 2325 P.
1470 2276 1672 2327 Dobriezciti

981 2351 1079 2400 apud
1099 2349 1148 2387 R.
1169 2349 1230 2396 Ρ.,
1258 2351 1320 2401 qui
1337 2350 1382 2389 de
1399 2351 1470 2389 hoc
1488 2352 1570 2402 ipso
1588 2353 1671 2392 loco

979 2420 1059 2452 tam
1078 2415 1256 2464 praeclare
1275 2415 1491 2464 disputavit,
1520 2421 1562 2454 ut
1578 2416 1672 2454 nihil

980 2493 1094 2530 supra
1128 2480 1214 2519 addi
1249 2493 1356 2530 posse
1391 2480 1570 2519 videatur.
1626 2482 1671 2520 In

981 2545 1137 2582 transitu
1156 2545 1305 2582 veniam
1323 2546 1371 2582 ab
1390 2544 1504 2595 aequis
1523 2544 1671 2585 lectori-

980 2609 1048 2647 bus
1067 2609 1266 2658 impetrare
1294 2620 1516 2660 magnopere
1540 2610 1670 2658 velim,
1689 2600 1700 2611 ⁵
1735 2608 1739 2610 ’

979 2681 1020 2713 ut
1046 2674 1171 2712 locum
1200 2676 1246 2713 ab
1276 2674 1325 2712 R.
1344 2673 1392 2712 B.
1420 2675 1456 2713 in
1477 2682 1598 2714 metra
1615 2689 1673 2715 re-

977 2741 1207 2787 dactum‚·et
1223 2740 1383 2786 notulas,
1407 2752 1497 2790 quas
1509 2741 1671 2792 jampri-

976 2805 1063 2843 dem
1071 2805 1120 2843 ‘in
1139 2817 1207 2844 suo
1232 2804 1439 2856 exemplari
1459 2805 1670 2857 reliquerat,
