1864 3132
974 237 1073 288 180

304 343 505 397 Homeri
531 347 757 406 poemata
775 331 1138 404 invehendum
1194 346 1379 411 quippe
1415 346 1545 411 quod
1578 346 1741 414 gentis

304 417 534 471 AEolicae²
575 420 823 485 proprium
864 420 1011 471 fuisse
1052 439 1148 471 non
1193 439 1290 472 uno
1330 422 1511 473 indicio
1547 424 1743 474 adducti

302 574 449 613 dialecti
497 579 752 616 monumenta.
807 577 918 624 μεθίω
958 575 996 615 δέ

303 640 373 678 ‘rtis
419 640 621 693 ξυμπάσας
679 640 767 692 [τῆς
813 641 995 680 Ἑλλαδος

301 705 499 759 γλώσσας]
523 708 601 759 ῥεῖν
625 710 672 745 εἷς
692 706 762 753 τήν
787 707 855 753 τῆς
880 706 997 754 Ὁμή-

301 787 373 825 ρου
397 771 457 810 καὶ
485 773 590 821 μάλα
620 774 812 821 ποιητικῆς
834 789 997 822 uio-qu—

301 836 398 874 xet'as·
430 835 640 890 ὑποδοχήν.
697 837 808 876 Plato
838 837 876 876 in
910 837 997 881 Rhi-

300 900 384 939 lebo
512 914 619 950 =11,
635 899 703 956 62.
722 903 774 942 D.

368 966 552 1007 Custodes
596 968 734 1020 linguae
779 967 994 1020 antiquioris

300 1031 608 1085 simpliciorisque
629 1038 716 1072 sunt
734 1033 872 1072 Poetae.
929 1033 996 1070 Et-

298 1093 399 1133 enim
439 1107 523 1147 quae
563 1095 677 1148 vulgo
719 1097 993 1144 obsoleverunt,

298 1157 366 1198 illa
386 1159 471 1210 ipsa
493 1160 732 1209 affectabant,
764 1175 848 1214 quae
872 1161 996 1214 gravi-

298 1228 417 1263 tatem
441 1225 732 1278 dignitatemque
756 1226 914 1266 orationi
930 1226 996 1265 tri-

299 1289 463 1328 buerent.
519 1290 649 1329 Verba
666 1296 805 1340 autem,
828 1305 912 1343 quae
931 1304 997 1329 an-

297 1354 509 1406 tiquitatem
527 1355 705 1403 redolent,
723 1361 761 1395 et
777 1356 998 1395 sanctiorem

300 1425 336 1458 et
354 1420 474 1472 magis
489 1420 736 1459 admirabilem
738 1421 899 1474 faciunt
914 1434 1002 1460 ora-

299 1485 448 1532 tionem,
478 1490 521 1524 ut
536 1484 629 1524 bene
649 1484 939 1533 Quinctilianus,
962 1490 999 1525 et

297 1546 501 1601 legentium
535 1551 628 1589 adeo
661 1551 808 1591 animos
839 1551 999 1590 mirifice

298 1613 502 1655 oblectant.
558 1614 618 1654 Eo
635 1621 857 1664 ornamento,
879 1614 1000 1667 inquit

299 1679 415 1727 idem,
449 1680 620 1719 acerrimi
644 1681 789 1732 judicii
825 1680 874 1720 P.
911 1680 999 1721 Vir-

295 1742 415 1794 gilius
431 1743 536 1783 unice
553 1749 610 1783 est
628 1758 715 1783 usus
727 1760 743 1790 ;
785 1746 882 1798 quod
908 1758 999 1799 quo-

300 1819 372 1858 que
389 1807 538 1858 scriptis
555 1810 631 1848 suis
646 1809 831 1848 liberrime
849 1810 999 1860 adsper-

297 1877 429 1911 serunt
445 1872 597 1923 Tragici
611 1872 790 1912 veteres.''
817 1872 997 1924 Burgess.

355 1940 394 1975 2.
411 1940 435 1959 ‘⁶
450 1936 509 1974 De
524 1935 694 1976 Historia
705 1936 822 1976 literae
838 1937 999 1990 Digam-

299 2014 368 2040 ma
385 2001 495 2040 multi
513 2009 773 2053 exposuerunt,
799 2004 838 2042 in
865 2005 996 2056 quibus

300 2064 479 2115 praecipui
510 2064 743 2114 Boubierz'us,
778 2065 996 2117 chistianus,

299 2129 516 2178 Reinoldus,
542 2135 581 2168 et
603 2131 648 2168 de
664 2144 711 2170 ea
726 2132 818 2170 bene
842 2133 996 2172 meritus

302 2192 523 2231 franciscus
544 2192 594 2230 W
591 2193 643 2231 ise
655 2207 667 2231 .-
696 2195 758 2246 qui
773 2202 996 2247 potestatem

300 2258 380 2310 ejus
405 2270 548 2309 quoque
577 2263 615 2297 et
642 2271 752 2298 usum
781 2259 996 2311 explicavit,

301 2326 340 2363 et
356 2326 537 2372 quantum
557 2320 685 2361 valeat
706 2322 745 2360 in
767 2324 875 2364 rebus
901 2324 996 2376 Ety-

227 2416 229 2419 .
301 2384 498 2436 mologicis
522 2385 570 2423 ad
593 2385 806 2437 linguarum
827 2400 997 2439 progres-

302 2450 445 2490 sionem
475 2449 715 2489 indicandam
744 2457 781 2491 et
808 2453 998 2504 cognatio-

302 2525 388 2555 nem
416 2511 673 2552 dialectorum.
730 2513 878 2556 Primus
908 2528 996 2555 vero

302 2577 471 2618 omnium
490 2577 680 2615 Bentleius
704 2577 798 2618 vidit
815 2584 996 2630 quantam

303 2642 383 2681 vim
402 2641 449 2680 ad
470 2640 608 2680 Graeca
625 2641 747 2681 metra
768 2644 997 2695 expedienda

304 2705 487 2746 habuerit.
544 2705 595 2744 Et
611 2706 708 2757 quod
726 2719 792 2757 pro
818 2707 996 2761 singulari

304 2784 374 2812 sua
404 2769 608 2823 sagacitate
640 2772 774 2822 reperit
806 2773 864 2812 vir
894 2786 997 2813 sum—

306 2845 404 2885 mus,
450 2834 611 2881 eandem
645 2848 725 2876 rem
767 2836 999 2888 Apollonia-v,

1049 576 1294 626 gravissimus
1333 590 1422 616 sane
1463 578 1746 628 grammaticus,

1049 642 1088 680 in
1118 642 1265 693 scriptis
1295 649 1379 694 post
1411 642 1571 681 Bentleii
1601 649 1747 682 senten-

1050 707 1143 746 tiam
1172 708 1400 757 publicatam
1419 708 1526 747 editis
1547 709 1747 747 confirma-

1050 771 1128 809 vit:
1169 770 1231 821 qui
1255 769 1404 808 literam
1431 782 1576 821 quoque
1602 782 1747 808 memo-

1050 841 1110 873 rat
1138 835 1347 873 adhibitam
1375 833 1489 872 fuisse
1511 835 1559 872 ab
1586 833 1748 886 antiquis

1050 901 1166 953 poetis
1207 901 1246 938 in
1285 899 1360 938 illis
1403 898 1494 950 ipsis
1539 897 1747 946 vocabulis,

1049 967 1181 1021 quibus
1197 979 1282 1005 eam
1304 964 1492 1004 Bentleius
1505 963 1749 1015 adjudicavit.

1051 1033 1164 1080 Quod
1214 1033 1252 1071 in
1304 1031 1520 1070 universum
1572 1030 1749 1069 docuerat

1049 1095 1255 1143 Bentleius‚
1285 1095 1322 1133 id
1341 1094 1559 1145 singulatim
1577 1099 1614 1132 et
1630 1093 1748 1133 fusius

1050 1161 1294 1212 pertractavit
1307 1159 1504 1198 Dawesius
1514 1160 1552 1197 in
1565 1159 1750 1207 Sectione,

1050 1222 1095 1265 de
1131 1239 1205 1278 qua
1240 1238 1338 1263 nunc
1369 1214 1535 1275 agiturs'
1569 1223 1753 1277 Burgess.

1053 1289 1145 1327 Post
1191 1287 1397 1326 Bentleium
1447 1292 1484 1325 et
1535 1285 1748 1324 Dawesium

1051 1354 1231 1394 nonnulla
1251 1355 1411 1407 ,egregia
1445 1353 1591 1391 notavit
1629 1353 1680 1392 R.
1700 1351 1749 1392 P.

1052 1418 1216 1470 Km‘glaet,
1251 1419 1290 1457 in
1321 1418 1525 1458 tentamine
1560 1418 1750 1470 analytico

1052 1486 1321 1524 elementorum
1367 1484 1588 1522 Graecorum
1631 1489 1670 1522 et
1711 1483 1755 1523 in

1053 1550 1324 1602 prolegomenis
1397 1549 1446 1588 ad
1525 1549 1750 1597 Homerum,

1055 1627 1253 1655 Lxxxv1.
1304 1614 1750 1667 “Digammmagram-

1053 1679 1201 1718 maticis
1247 1678 1433 1717 AEolicum
1483 1677 1627 1716 dietum
1678 1682 1749 1724 est,

1048 1745 1141 1795 ,quia
1185 1743 1233 1782 ab
1273 1755 1319 1782 ea
1363 1748 1472 1794 gente
1517 1741 1610 1788 sola,
1653 1742 1752 1782 inter

1054 1809 1213 1847 Graecos
1263 1807 1496 1853 recentiores,
1548 1812 1748 1858 postquam

1051 1871 1150 1922 apud
1193 1884 1324 1910 omnes
1367 1870 1462 1909 alias
1515 1869 1744 1918 exoleverat,

1048 1937 1324 1988 usurpabatur3
1387 1949 1462 1974 non
1496 1941 1623 1974 autem
1661 1935 1747 1988 quia

1050 2003 1098 2040 ab
1131 2015 1176 2040 ea
1202 2002 1396 2040 inventum
1423 2001 1554 2046 fuerat,
1589 2007 1656 2040 aut
1683 2001 1750 2039 ΖΕ-

1049 2067 1157 2107 olicae
1192 2066 1362 2114 dialecto,
1398 2067 1447 2105 ab
1477 2066 1629 2117 origine,
1664 2076 1754 2117 pro--

1049 2132 1172 2184 prium
1217 2145 1263 2171 ac
1304 2131 1511 2182 peculiare:
1569 2132 1746 2183 quoniam

1049 2194 1254 2233 certissime
1288 2200 1447 2242 constat,
1490 2194 1574 2233 tu‘m
1610 2195 1747 2234 tabulis

1051 2256 1375 2307 Heracleensibus,
1430 2265 1512 2298 tum
1558 2247 1749 2299 marmore

1052 2322 1221 2373 Deliaco,
1253 2329 1290 2363 et
1311 2324 1476 2364 nummis
1501 2323 1748 2372 Veliensiu‘m,

1049 2401 1159 2428 usum
1174 2391 1266 2441 ejus,
1285 2390 1465 2441 prioribus
1479 2389 1628 2436 seculis,
1643 2389 1745 2430 haud

1050 2454 1172 2492 minus
1193 2453 1382 2494 solennem
1400 2454 1512 2494 fuisse
1530 2455 1569 2493 in
1597 2454 1747 2506 Dorum

1050 2520 1161 2570 atque
1192 2517 1341 2566 Ionum,
1377 2531 1492 2571 quam
1521 2518 1560 2556 in
1589 2517 1743 2557 AEolum

1050 2596 1245 2631 sermone;
1276 2575 1474 2624 Heracleia
1490 2583 1590 2621 enim
1611 2581 1746 2631 Italiae,

1052 2648 1200 2687 Dorum
1231 2661 1251 2687 e
1281 2649 1445 2704 Tarento
1475 2646 1621 2686 colonia
1648 2640 1767 2693 fuist.

1049 2721 1159 2767 atque
1190 2715 1277 2753 urbs
1311 2712 1459 2751 ΥΕΛΗ
1488 2712 1549 2750 vel
1582 2711 1743 2756 [EAIE

1050 2783 1219 2831 (utroque
1255 2775 1366 2815 modo
1407 2787 1544 2814 nomen
1578 2765 1743 2812 nummis

1051 2842 1270 2892 inscriptum
1306 2842 1377 2890 est)
1425 2852 1449 2878 a
1490 2837 1661 2880 Phocaeis
1694 2847 1742 2876 ex
