1864 3132
122 1880 129 1885 ,
153 1851 316 1901 ripuen't.

803 182 905 237 Δ153

145 299 394 342 auctorem
436 292 510 341 bis
542 292 593 340 in
628 306 727 340 una
761 292 842 341 illa
875 309 993 343 voce
1027 309 1296 359 peccasse...
1338 293 1402 349 In,
1431 292 1577 343 tertia

148 372 341 437 quidem
378 370 559 436 syllaba
576 370 809 434 peccavit,
846 372 930 418 sed
964 371 1015 419 in
1050 371 1395 419 secundanon
1420 370 1576 425 item:

148 449 331 512 quippe
370 463 429 495 ea
467 455 567 495 non
599 460 740 494 secus
774 446 979 508 produci
1013 452 1176 510 potest
1207 461 1267 494 ac
1303 445 1459 510 prima
1497 466 1579 492 του

150 526 392 590 lacryma,
426 522 504 572 vel
525 522 739 570 secunda
758 544 843 569 του
866 520 1092 570 tenebrat.

217 602 338 667 Pag.
364 617 516 650 xvm.

149 757 273 795 Nemo
307 769 419 794 sanus
456 756 617 807 quidem,
655 759 697 793 ut
732 759 835 806 puto.

95 808 100 827 ³
149 821 221 859 Sed
252 820 296 859 iis
330 821 557 870 temporibus
594 820 706 858 stulte
738 819 839 857 vide-

102 905 107 932 ⁴„
135 886 257 921 *batur
267 897 342 922 non
356 884 407 922 ibi
421 884 618 934 producere
635 883 836 935 syllabam,

107 954 112 980 ἰ
148 948 210 986 ubi
227 954 400 987 accentus
417 955 524 997 esset,
541 949 629 999 quia
642 949 674 987 is
687 954 744 987 est
754 961 836 987 mos

103 1033 104 1036 =
147 1012 282 1063 linguae
297 1013 456 1052 Latinae.
502 1014 609 1052 Adeo
622 1018 664 1051 ut
680 1012 838 1052 Plautus

147 1077 186 1115 in
203 1078 274 1115 hoc
291 1084 437 1119 secutus
451 1079 500 1117 sit
509 1079 695 1130 judicium
711 1078 836 1130 vulgi:

149 1140 236 1192 quia
264 1154 337 1179 non
367 1155 454 1180 cum
485 1142 617 1189 doctis,
654 1143 719 1181 sed
749 1155 838 1181 cum

149 1206 254 1256 plebe
272 1207 341 1245 sibi
360 1221 439 1246 rem
456 1221 535 1248 esse
551 1209 704 1247 videret.
732 1208 838 1247 Nam

149 1283 295 1320 semper
328 1272 426 1322 apud
462 1272 571 1310 illum
604 1271 840 1311 Phoedromus

147 1340 206 1372 est
238 1336 422 1387 dactylus,
463 1337 549 1390 quia
584 1337 717 1377 Graece
751 1337 842 1375 Φαί-

86 1430 90 1440 ,
152 1397 306 1450 δρωμος.
335 1399 506 1449 [Curcul.
526 1413 556 1448 1,
572 1401 597 1448 i,
616 1406 654 1449 2,
669 1405 734 1439 24.
752 1402 839 1452 etc.]

154 1461 251 1500 Item
287 1463 374 1513 quia
401 1464 586 1502 Φίλιππος
617 1464 750 1502 dicitur
782 1476 844 1501 ac-

152 1531 260 1564 centu
305 1526 343 1563 in
387 1527 520 1577 prima,
562 1528 693 1566 eodem
732 1527 843 1565 modo

134 1595 137 1601 '
153 1591 318 1630 mediam
335 1592 496 1642 corripit.
537 1591 640 1642 [Mil.
656 1591 764 1630 Glor.
781 1603 843 1638 lv,

152 1656 205 1703 iii,
237 1654 359 1708 69-]
426 1655 477 1693 Et
511 1668 702 1706 nunquam
737 1655 845 1694 aliter

153 1721 316 1759 invenies
334 1721 431 1770 apud
448 1720 637 1767 Plautum,
661 1721 748 1772 quin
765 1733 845 1759 me-

154 1786 255 1823 diam
283 1785 323 1823 in
352 1784 500 1823 nomine
536 1784 731 1834 Philippus
766 1797 846 1824 cor-

395 1850 506 1896 Quod
541 1850 680 1888 mirum
715 1855 773 1888 est
806 1850 844 1888 in

153 1913 342 1965 positione.
388 1913 461 1951 Sed
473 1914 650 1965 quaerenti
669 1927 844 1953 caussam

154 1984 348 2018 accentum
360 1991 506 2029 semper
518 1979 732 2029 praetexet.'’
759 1979 846 2016 Mo-

154 2045 186 2083 ri
216 2045 473 2094 obtemperans
503 2044 576 2082 hac
609 2057 727 2094 prava
758 2042 848 2082 scri-

155 2109 264 2151 bendi
281 2121 414 2146 norma
431 2120 556 2146 versus
575 2121 660 2146 suos
672 2107 847 2157 politicos

156 2173 373 2224 inquinavit,
419 2178 456 2210 et
487 2185 639 2211 omnem
675 2172 847 2223 rhythmi

158 2238 319 2288 gratiam
363 2237 495 2275 misere
545 2237 744 2275 trucidavit
787 2236 848 2275 Io.

162 2301 326 2341 Tzetzes.
368 2300 592 2339 Prudentius
611 2300 786 2339 Cathem.
807 2313 848 2349 v,

162 2373 224 2414 89.
273 2366 342 2405 Cui
364 2369 504 2418 jejuna
534 2367 647 2406 eremi
676 2381 765 2406 saxa
796 2369 850 2408 lo—

159 2432 334 2484 quacibus
353 2431 550 2469 Exundant
567 2432 756 2479 scatebris,
786 2432 849 2470 Ps.

160 2501 253 2542 371.
294 2494 446 2533 Excidit
469 2508 556 2548 ergo
583 2494 713 2533 animis
736 2495 848 2533 eremi

159 2559 257 2608 sitis,
277 2560 411 2599 excidit
429 2559 490 2597 ille
515 2559 554 2598 S.
576 2571 627 2607 11,
645 2564 696 2605 47
701 2564 736 2598 8.
766 2560 868 2609 Nec*

151 2625 342 2664 mathesis
373 2624 592 2674 proe'scripto
627 2624 746 2675 aliquo
784 2626 851 2675 pia

163 2694 250 2728 vota
276 2688 420 2738 repellit
457 2692 546 2734 893.
582 2687 744 2726 Involvit
772 2702 853 2728 ma-

163 2752 273 2799 thesi,
303 2753 465 2804 magicas
498 2752 650 2802 impellit
683 2752 722 2790 in
751 2758 852 2791 artes

167 2815 319 2855 Gallim.
355 2816 482 2868 Epigr.
514 2826 690 2867 XXXIX.
754 2817 851 2866 apud

589 600 669 649 De
706 598 864 648 verbis
909 596 1163 657 Θουκυδιδης
1208 599 1435 665 Ολορου53
1481 613 1580 661 me·

891 754 942 793 R.
967 755 1011 793 B.
1031 755 1182 794 Graevio
1202 756 1249 794 ‘0
1265 756 1424 796 Λύκτως
1444 739 1584 796 Memf-

891 836 961 858 τας·
997 820 1052 858 τά
1091 818 1192 873 τόξα
1237 822 1362 868 ταῦτ’,
1409 821 1583 868 ἐπειπὼν,

882 883 1033 931 Ἔθηκε·
1064 885 1136 939 Τῇ,
1163 884 1270 939 κέρας
1295 902 1356 924 τοι
1383 885 1504 933 δίδωμι
1523 883 1583 922 καὶ

892 947 1099 1001 φαρέτρην,
1135 947 1306 1000 Σάραπι·
1350 947 1439 986 τούς·
1470 947 1499 986 δ’
1531 947 1585 985 δι’·

893 1029 1008 1051 στους
1027 1011 1183 1067 ἔχουσιν
1200 1012 1438 1067 Ἐσπερΐται.
1478 1012 1585 1050 Mar-

891 1078 971 1117 tial.
999 1090 1066 1125 rx,
1094 1087 1191 1125 xxx,
1220 1075 1258 1115 6.
1308 1076 1485 1115 Vim-ebat
1518 1089 1584 1114 nec

893 1157 972 1196 quae
1012 1144 1120 1181 turba
1162 1142 1317 1192 Seiapin
1358 1141 1584 1181 amat-Sed

894 1207 1075 1246 Martian.
1088 1206 1232 1256 Capell.
1243 1217 1293 1244 11.
1305 1219 1342 1255 p.
1352 1209 1416 1244 43.
1431 1210 1468 1243 te
1480 1206 1587 1244 Sera-

894 1273 972 1324 pim
1009 1272 1137 1319 Nilus,
1174 1270 1358 1321 Memphis
1390 1274 1586 1307 veneratur

896 1336 1054 1376 Osirim.
1069 1334 1224 1384 Serap::
1238 1333 1278 1371 in
1290 1333 1329 1371 in
1343 1332 1431 1370 MS.
1448 1332 1586 1371 Canta-

893 1399 1065 1449 brigiensi
1084 1402 1163 1437 500
1177 1392 1378 1444 annorum;
1410 1396 1586 1435 Prudent.

898 1464 936 1502 S.
958 1475 1010 1510 11,
1030 1467 1123 1501 531.
1171 1462 1246 1500 Nil
1273 1461 1401 1511 potuit
1437 1460 1586 1510 Serapis

898 1528 1019 1575 Deus,
1039 1533 1075 1565 et
1088 1527 1250 1565 latrator
1261 1526 1416 1564 Anubis.
1430 1523 1586 1563 Milton.

904 1593 942 1630 P.
961 1593 1010 1630 A.
1033 1603 1064 1639 ι,
1083 1595 1175 1636 719.
1210 1595 1249 1630 to
1281 1572 1464 1664 mmm(
1476 1589 1587 1628 Belus

898 1671 941 1696 or
973 1656 1120 1706 Serapis
1157 1654 1254 1693 their
1283 1654 1401 1706 gods,⁴
1433 1667 1476 1692 or
1508 1658 1589 1692 seat

896 1716 1014 1760 ¹Their
1043 1721 1162 1772 hringus,
1199 1720 1318 1758 Mart.
1352 1719 1510 1770 Capella
1538 1729 1589 1766 ιι,

898 1800 934 1837 p.
953 1790 1018 1825 43.
1053 1783 1208 1823 Ammon
1226 1790 1263 1822 et
1285 1784 1425 1822 arentis
1441 1783 1589 1834 Libyes,

899 1865 943 1890 ac
971 1850 1115 1888 Biblius
1146 1851 1268 1889 Adon.
1326 1849 1535 1888 Licentiam
1551 1849 1591 1887 in

898 1916 1011 1955 modo
1038 1914 1169 1966 prioris
1197 1914 1354 1966 syllabae
1382 1914 1477 1952 vidit
1494 1913 1592 1952 Gro-

898 1981 984 2020 tius.
1013 1980 1179 2030 Propert.
1201 1992 1252 2026 11,
1272 1992 1317 2028 x,
1335 1981 1400 2018 55.
1427 1978 1592 2017 Adonem

900 2047 957 2085 ed.
985 2058 1041 2096 pr.
1059 2051 1096 2084 et
1122 2044 1287 2084 nonnulli
1305 2044 1461 2083 codices.
1518 2043 1591 2082 Sed

901 2124 946 2150 ea
989 2111 1171 2162 scriptura
1210 2110 1441 2162 ·repudiatur,
1504 2110 1592 2161 quia

902 2175 1011 2214 Adon
1034 2189 1108 2214 non
1130 2175 1200 2214 nisi
1225 2175 1352 2214 seriori
1371 2187 1454 2213 aevo
1471 2174 1591 2213 dictus

902 2246 970 2280 est.
1048 2240 1198 2279 Milton.
1229 2241 1255 2278 1.
1270 2253 1302 2279 c.
1329 2244 1424 2278 450.
1474 2239 1592 2278 While

901 2303 1038 2342 smootk
1071 2304 1211 2344 Adonis
1233 2303 1343 2356 from
1378 2302 1435 2341 his
1468 2303 1592 2341 native

901 2367 1003 2407 rock.
1058 2368 1201 2407 Aonius
1228 2368 1326 2418 apud
1349 2373 1490 2406 veteres
1507 2380 1593 2417 poe·

901 2439 985 2478 tas3
1040 2432 1181 2470 Statius
1218 2444 1307 2471 vero
1333 2431 1461 2477 Theb.
1491 2443 1594 2478 vlu,

901 2500 954 2540 47
958 2499 997 2534 5.
1039 2495 1092 2533 sic
1112 2496 1224 2534 Aona
1240 2508 1343 2543 saxo,
1376 2495 1474 2533 Ense
1497 2495 1595 2534 Pho-

898 2559 1102 2607 ‘lum—Ita
1130 2559 1244 2597 etiarn
1271 2559 1434 2609 Augusti
1456 2557 1595 2602 saeculo

903 2637 1014 2664 nemo
1059 2623 1204 2674 Cypri-5,
1255 2635 1384 2662 omnes
1424 2623 1595 2661 dixerunt

906 2686 1055 2738 Cypria.
1097 2686 1190 2728 vid,
1208 2686 1359 2726 Santen.
1377 2687 1425 2725 ad
1440 2685 1593 2724 Hieron.

904 2751 1013 2791 Balb.
1031 2765 1066 2801 p.

961 2820 1024 2855 53.
1054 2817 1222 2868 Ορολου,
1251 2815 1290 2855 in
1318 2814 1447 2855 erratis
1472 2812 1594 2853 subla·
1659 2816 1664 2819 ’
