1864 3132
830 235 931 291 335

682 352 1076 383 AUCTARIUM.

161 425 250 466 MS.
268 427 426 479 collegii
453 427 722 470 Caii-Gonvssl.
735 429 848 468 Can..

159 494 236 532 tab.
269 495 542 546 ,sedbpam'mv
581 493 734 538 ,retinet-
777 495 846 545 ι.Ῐο.,

163 558 232 596 Gr'.
265 559 290 596 f.
314 552 404 597 244.
439 551 619 612 &wisi-1
655 559 739 598 a’vvi
775 560 850 599 τοῦ

159 625 183 660 ὅ
213 625 395 677 στοιχείῳ
424 623 584 677 χρῆται.
622 625 673 662 τό
698 625 775 678 *γὰρ
806 625 855 665 ὅτ

156 704 264 738 μοιον
310 689 434 733 ὅμοιον
482 691 592 738 λέγει·
658 690 845 743 ὄμφαλος,

155 751 337 803 ὕμφαλω·
368 752 464 790 unde
490 753 690 792 umbilicus.
718 753 848 793 Utitur

155 817 273 856 Poeta
317 816 530 866 δυσ-ω’ννμοι·
593 820 659 858 sed
701 831 847 869 semper

85 884 90 887 ”
155 881 340 934 ὀνομάζω.
377 883 594 923 οἱα-ΜΒ.
608 884 718 923 Harl.
739 888 847 939 napa*

155 952 235 985 τοῖς
263 949 450 987 alume-Tem
476 949 562 988 ἀντὶ
590 953 664 988 τοῦ
689 950 708 989 ὃ
728 951 759 1003 ζ
775 967 848 988 πα-

152 1010 455 1064 ραλαμβάνεται·
499 1016 545 1052 m‘e
572 1012 669 1053 ὅταν
684 1015 747 1053 ’τὸ
774 1014 847 1054 ’διά-

151 1077 284 1127 βατον
308 1080 334 1123 ἤ
359 1079 514 1131 Σαπφαδ
537 1079 715 1133 ζάβατον
734 1082 844 1129 λέγει.

152 1141 214 1180 cui
226 1141 378 1191 adjicias
393 1142 609 1193 διάβαλλειν
623 1143 841 1199 ζάβαλλειν·

153 1203 340 1245 &am-r&
387 1207 570 1261 ζανυκτός
622 1211 721 1260 apud
781 1211 842 1250 Jo-

155 1269 225 1308 Gr.
238 1270 266 1309 l.
280 1283 314 1308 c.
343 1271 439 1310 conf.
462 1273 657 1326 Gaifford.
686 1276 735 1314 ad
764 1276 846 1314 He-

146 1334 278 1384 phaest'.
295 1349 333 1386 p.
347 1335 412 1382 69.
443 1338 618 1388 Sapphus
636 1340 697 1378 Fr.
714 1352 844 1380 me.

153 1398 392 1452 ζαελεξᾰμαν
436 1402 527 1455 ὄναρ
578 1405 842 1458 Κνπρογενήᾳ.

153 1463 274 1501 Alcaei
301 1464 362 1501 Fr.
384 1476 434 1511 11,
458 1464 497 1504 6.
534 1471 667 1519 λαῖφος·
700 1468 741 1507 δὲ
769 1470 846 1508 πᾶν

153 1527 316 1581 ζάδηλον
333 1529 417 1576 ἤδη,
437 1531 545 1568 Pind.
565 1532 676 1570 Nem.
699 1545 760 1578 VI,
779 1538 857 1577 90.-

151 1590 268 1645 ἔγχος
300 1592 467 1645 {daco-rw
499 1594 559 1632 Fr.
592 1596 636 1632 de
665 1596 737 1633 def.
767 1596 844 1634 Sol.

154 1661 220 1695 20.
258 1656 364 1695 ὕδατι
400 1658 551 1711 ζακότῳ
581 1658 645 1709 [Il.
664 1660 706 1707 Γ,
723 1661 843 1712 220]-

153 1721 327 1773 AEschyl.
358 1723 460 1760 Pers.
478 1721 571 1762 316.
602 1724 746 1778 πνῤῥᾶν
776 1726 843 1777 ζα-

151 1787 291 1833 πληθῆ.
348 1787 463 1837 Soph.
484 1789 549 1839 Aj.
569 1792 658 1832 137.
686 1789 842 1842 ζαμενής

149 1849 264 1899 λόγος·
284 1851 372 1888 Eur.
393 1852 579 1890 Androm.
602 1852 718 1892 1286.
741 1853 844 1900 Mn'z’

149 1918 181 1954 εἷ
224 1914 461 1967 {annania-oue
508 1916 651 1954 εἵσεται
705 1917 843 1971 φερνάς

151 1978 286 2029 δόμοις.
318 1980 573 2036 “samonio-oue
600 1982 704 2020 Stob.
732 1983 842 2021 Grot-

149 2059 188 2097 p.
202 2050 294 2091 295.
314 2046 416 2083 Trin.
437 2047 554 2085 Gesn.
573 2049 710 2092 1549.”
727 2046 779 2085 R.
794 2047 841 2085 P.

150 2111 290 2148 Advss.
319 2124 354 2160 p.
374 2109 464 2149 226.
507 2111 702 2160 Aristoph.
738 2111 840 2150 Nub.

152 2178 243 2213 383.
289 2176 474 2222 ποταμῶν
509 2173 650 2227 ζαθέων
691 2174 844 2221 κελαδή-

150 2255 257 2289 ματα
276 2239 340 2291 [11.
358 2242 408 2284 A,
428 2240 521 2289 38.].
571 2240 611 2277 Si
629 2239 842 2289 hujusmodi

149 2304 290 2343 formas
317 2304 415 2352 apud
445 2305 601 2341 Danaos
627 2305 842 2342 omnimodo

149 2371 387 2420 impetrasset
413 2369 582 2418 loquendi
603 2370 840 2416 consuetudo,

149 2449 196 2475 ne
229 2437 301 2486 ipsi
336 2435 484 2486 quidem
523 2434 691 2475 Homero
733 2436 841 2473 toties

149 2512 303 2549 peccare
321 2498 515 2536 suavitatis
534 2510 649 2535 causa
663 2497 838 2538 licuisset.

151 2563 341 2602 Nimirum
361 2561 491 2600 Cn'tici
514 2561 680 2610 primarii
703 2560 841 2611 fugien-

149 2628 204 2667 tia
242 2632 433 2676 captantes
472 2626 605 2675 saepius
642 2624 680 2662 in
718 2625 840 2663 medio

149 2691 272 2742 posita
284 2690 532 2729 transvolant.
590 2689 658 2735 Ut,
689 2689 840 2728 remotis

150 2753 362 2800 involucris,
380 2754 537 2791 verbum
555 2751 840 2802 unumquodque

151 2819 312 2859 formam
341 2831 362 2857 e
391 2830 486 2857 cana
515 2822 554 2856 et
588 2815 843 2856 vetustissima

903 432 1141 482 simplicitate
1171 438 1316 472 erutam
1343 432 1484 482 induat,
1515 447 1597 474 mo·

906 505 1095 547 numenta,
1108 513 1128 537 e
1141 500 1272 551 quibus
1286 499 1426 551 aliquid
1442 500 1596 539 luminis

902 561 1047 601 haurire
1060 576 1269 614 possumus,
1287 578 1472 615 perpauca
1486 570 1594 611 sunt;

901 633 939 666 et
979 632 1012 653 ›“
1031 630 1231 668 verendum
1272 634 1344 676 est,
1396 642 1454 676 ne,
1502 631 1592 668 dum

901 702 1016 728 unum
1062 691 1200 742 aliquid
1246 691 1491 731 Homericum
1544 694 1613 731 exj

900 753 1082 806 analogias
1117 755 1258 806 legibus
1295 758 1482 796 restituere
1517 763 1594 796 ten-

899 823 1033 866 temus,
1067 818 1174 868 plura
1198 819 1310 858 simul
1327 823 1375 859 ab
1396 836 1439 861 eo
1456 822 1594 861 certius

899 883 1062 933 profecta
1121 884 1347 923 deleamus.''
1414 886 1591 938 Burgess.

898 949 1132 988 “Audacter
1173 951 1454 1002 progrediamur
1502 964 1601 1003 qua<

898 1019 1004 1053 tenus
1031 1020 1197 1055 veterum
1230 1016 1472 1054 dialectorum
1503 1029 1593 1056 auc-

897 1079 1041 1126 toritas,
1073 1085 1398 1118 monumentorum
1420 1081 1524 1127 fides,
1554 1085 1592 1119 et

890 1144 997 1194 justa
1037 1143 1147 1181 metri
1188 1156 1232 1181 ac
1274 1144 1455 1182 sermonis
1495 1145 1590 1183 ratio

898 1209 999 1247 viam
1015 1210 1233 1256 ostendant3
1261 1214 1301 1248 at
1313 1223 1386 1248 non
1406 1210 1591 1248 ulterius?

899 1275 949 1314 R.
969 1275 1016 1314 P.
1038 1274 1092 1313 K.
1159 1275 1199 1313 Si
1235 1276 1482 1326 antiquissimi
1509 1274 1590 1314 'ser-

898 1341 1020 1378 monis
1041 1340 1204 1388 AEolum,
1232 1341 1293 1390 qui
1317 1346 1402 1378 ante
1418 1340 1590 1390 irruptio-

897 1417 984 1442 nem
1019 1405 1167 1442 Dorum
1207 1404 1246 1441 in
1293 1404 1589 1453 Peloponnesum

888 1466 1062 1517 ¹vigebat,
1091 1467 1254 1518 reliquiae
1278 1468 1526 1506 marmoribus
1550 1474 1589 1507 et

898 1529 1061 1576 laminis,
1094 1530 1311 1579 perennibus
1342 1531 1416 1568 illis
1447 1533 1591 1584 antiqui

899 1595 1012 1633 moris
1035 1595 1201 1642 testibus,
1228 1595 1422 1645 insculptae
1452 1598 1499 1634 ab
1526 1598 1591 1635 ob-

896 1660 1044 1698 livionis
1089 1659 1238 1698 latebris
1285 1674 1382 1698 nunc
1435 1662 1589 1700 demum

896 1730 1136 1776 emergerent,
1165 1731 1311 1764 textum
1337 1726 1410 1764 illis
1439 1726 1588 1777 quidem

896 1789 1120 1839 adjumentis
1159 1789 1279 1827 fixum
1316 1796 1353 1827 et
1393 1790 1588 1828 fundatum

896 1854 1115 1901 habeamus,
1153 1854 1201 1890 ad
1238 1854 1334 1904 quod
1364 1854 1590 1904 exemplaris

897 1918 1031 1969 Argivi
1065 1918 1291 1956 lineamenta
1326 1919 1516 1969 aucupari,
1553 1925 1590 1957 et

896 1984 1048 2022 subinde
1111 1996 1324 2033 recuperare
1381 1997 1588 2034 possemus.

896 2048 1002 2088 “Ex
1029 2047 1087 2085 his
1115 2048 1298 2097 praecipue
1325 2048 1486 2087 fontibus
1507 2062 1590 2087 sca·

895 2112 1071 2162 turigines
1089 2112 1187 2150 illius
1207 2111 1355 2162 linguae,
1384 2125 1464 2163 quae
1487 2113 1589 2150 haud

896 2188 1046 2225 prorsus
1083 2180 1320 2221 exaruerunt,
1367 2175 1588 2212 deducendae

896 2244 1007 2276 sunt:
1049 2243 1158 2288 atque
1186 2244 1226 2276 ut
1252 2238 1443 2276 architecti
1468 2238 1587 2287 periti,

896 2303 1024 2352 paucis
1078 2304 1283 2341 dirutorum
1346 2303 1587 2342 aedificiorum

893 2367 1110 2419 fragmentis
1129 2369 1281 2415 effossis,
1300 2382 1319 2406 e
1334 2369 1586 2407 membrorum

893 2433 1124 2483 proportione
1142 2439 1178 2470 et
1195 2421 1456 2481 artis‘rationffi
1483 2434 1587 2472 sche-

893 2505 999 2536 mata
1017 2498 1160 2548 integra
1181 2499 1396 2545 restituunt3
1439 2500 1492 2539 sic
1518 2513 1586 2538 nos

894 2574 1018 2611 porro,
1049 2564 1176 2610 paucis
1205 2563 1425 2613 quibusdam
1455 2564 1587 2602 radici-

894 2628 963 2664 bus
974 2626 1146 2673 inventis,
1165 2640 1246 2678 quae
1264 2641 1310 2666 ex
1326 2628 1369 2666 iis
1385 2628 1585 2678 pullulasse

894 2691 1118 2738 debuissent,
1179 2693 1491 2742 computabimus,
1550 2700 1587 2730 et

895 2759 1098 2792 stemmata
1110 2754 1359 2803 pulcherrima
1374 2753 1585 2792 Homericae

895 2817 1031 2871 linguae
1077 2818 1265 2856 restituere
1314 2831 1357 2857 ac
1410 2830 1586 2856 renovare
