1864 3132
819 255 919 305 473

229 366 250 392 ⁴
273 359 433 426 Βαδιζε
463 357 600 425 δευρο·
653 357 869 418 Μηδαμως
896 382 951 416 με
979 363 1284 408 ΠΕΡΠΔΗΙΣ,

227 439 246 465 ⁵
270 443 472 495 Οτιμου
506 445 804 485 ΠΕΡΙΕΙΔΕΣ
838 437 1117 500 επιτριβεντ.
1171 458 1204 482 ω
1234 439 1467 498 Ηρακλεις.

231 526 260 555 *
274 524 331 573 V.
358 534 459 575 574.
495 529 718 586 Δευτερον
737 545 790 570 αν
814 543 944 569 τουτι
965 525 1221 586 Ὑραψομαι,
1249 542 1332 576 την
1354 541 1434 566 του
1457 524 1594 566 πλου-
1632 511 1729 573 269

165 623 245 648 του
268 598 546 664 καταχηνην]
582 598 724 646 Facit
745 599 852 646 haec
873 597 1035 655 lectio,
1059 603 1114 644 ut
1134 597 1333 663 verbum
1357 597 1598 659 Ὑραψομαι

167 678 372 726 mediam
414 678 610 742 longam
656 676 846 724 habeat.
938 674 1082 734 Quod
1138 668 1300 720 tamen
1350 671 1455 719 fieri
1499 686 1600 719 non

167 760 344 817 potest,
383 754 433 800 ni
471 767 647 816 susque
685 753 843 815 deque
877 749 1149 797 habeantur
1170 748 1428 812 prosoediae
1450 747 1600 813 leges.

170 831 343 878 Versui
416 837 576 877 autem
650 827 890 877 laboranti
928 860 931 863 -
963 826 1344 874 subveniendum
1417 823 1606 872 censuit

172 907 393 972 Scaliger
415 906 538 953 alter
567 906 824 953 scribendo
857 907 1100 969 Ὑραψομαι
1136 901 1280 965 νγωέθῑ
1354 901 1506 965 Atqui
1538 901 1608 947 ita

173 983 385 1047 legendo
424 987 666 1047 «γραψομαι
705 982 782 1030 vel
827 981 1032 1045 primam
1076 979 1154 1029 vel
1198 979 1412 1027 ultimam
1458 977 1610 1026 nihilo

175 1060 345 1107 melius
369 1060 580 1123 corripit,
607 1075 750 1122 quam
773 1059 922 1124 vulgo
945 1058 1149 1106 mediam
1170 1057 1408 1121 producit.
1463 1056 1613 1105 Extat

177 1136 372 1199 quidem
395 1136 500 1199 ipsa
522 1137 627 1183 haec
649 1136 829 1183 locutio
853 1152 998 1199 supra
1020 1152 1143 1185 vers,
1169 1140 1269 1183 536.
1554 1134 1556 1136 ’

246 1228 333 1270 Και
376 1246 460 1279 μην
499 1223 556 1271 oo·
594 1246 646 1271 αν
691 1223 801 1291 λεξῃ
842 1244 879 1284 ’γ
923 1201 1071 1273 ‹in->uos
1114 1242 1363 1282 μνημοσυνᾳ
1408 1227 1615 1266 ΓΡΑῩΟ·

234 1290 237 1291 ’
349 1309 456 1346 MAI
493 1309 575 1346 m.
618 1299 892 1366 accuratius
925 1297 1332 1362 ΙῬΑκῑνΟΙκΙΑΓΩ169

186 1385 334 1448 Atqui
370 1386 437 1431 ibi
475 1386 691 1453 cernitur
725 1402 841 1433 vera
874 1386 1009 1433 verbi
1044 1390 1282 1449 «γραψομαι
1306 1386 1375 1431 ita
1398 1382 1620 1431 collocati

186 1461 430 1524 quantitas
455 1461 700 1524 syllabica,
738 1477 847 1523 quae
883 1467 1037 1508 metro
1071 1462 1317 1509 trochaico
1340 1478 1438 1508 non
1464 1461 1621 1508 minus

187 1538 430 1594 convenit,
469 1554 612 1600 quam
653 1538 945 1601 anapaestico
978 1539 1270 1586 adversatur.
1342 1538 1475 1595 Erat,
1512 1553 1623 1585 cum

189 1614 512 1661 existimarem
552 1613 651 1678 legi
688 1620 913 1676 oportere
944 1617 1140 1677 «γραψομ
1164 1634 1273 1674 εγω.
1345 1614 1507 1677 Atque
1531 1613 1626 1659 hoc

192 1690 385 1753 quidem
426 1690 632 1737 voluisse
677 1713 755 1737 τον
801 1713 914 1738 παυυ
956 1688 1118 1754 potius
1157 1688 1457 1757 crediderim.
1529 1687 1628 1735 Sed

192 1766 481 1814 accuratiori
517 1766 739 1813 examine
771 1766 992 1813 instituto
1025 1766 1236 1829 comperi
1267 1765 1425 1829 poetis
1456 1764 1630 1812 Atticis

194 1856 296 1890 non
342 1842 534 1889 licuisse
580 1842 724 1889 ullam
767 1843 1137 1906 diphthongum,
1166 1843 1356 1891 elidere.
1426 1842 1631 1889 Videtur

198 1918 391 1983 quidem
417 1919 509 1966 hoc
532 1918 688 1981 prima
711 1918 835 1965 facie
860 1934 957 1965 non
982 1934 1091 1965 raro
1114 1918 1234 1975 fieri,
1265 1919 1336 1966 uti
1358 1919 1410 1965 in
1433 1917 1561 1967 istis:

200 2007 289 2054 AV.
320 2018 442 2055 1340.
483 2012 634 2055 Εοικεν
658 2029 706 2053 ου
730 2004 1119 2069 ψευδαγγελη9163
1149 2030 1209 2055 ειν
1231 2014 1454 2069 αὙὙελος.

200 2081 327 2129 Rau.
348 2087 447 2133 867.
483 2087 590 2131 Αλλ
611 2105 706 2129 ουτ-ι
730 2105 895 2147 χαιρων
918 2106 1037 2131 ‘rav-1-
1057 2106 1178 2148 ερεις.
1229 2089 1359 2132 Παυσ
1381 2088 1599 2148 Αισχυλε.

541 2192 562 2217 4
584 2196 704 2238 Eccl.
731 2199 855 2240 1046.
1071 2192 1089 2218 ⁵
1115 2198 1238 2241 1060.

265 2306 354 2345 161.
391 2307 563 2360 δεύτερον
597 2308 644 2346 ἄν
680 2327 751 2347 σου
788 2302 897 2347 vovit-¹1
950 2310 1047 2360 lego,
1075 2310 1268 2362 Δεύτερον
1294 2309 1341 2347 αὖ
1364 2310 1474 2347 τουτὶ
1491 2311 1638 2362 γράψω

209 2372 415 2426 «γράψομαι
435 2373 505 2417 τήν
524 2373 596 2409 τοῦ
614 2374 713 2410 οἴκου
733 2390 764 2410 κ.
799 2374 898 2410 Rav.
952 2390 1029 2420 μοι,
1048 2374 1118 2419 τήν
1135 2376 1208 2411 τοῦ
1224 2374 1393 2412 πλούτου
1406 2374 1640 2429 καταχήνην.

212 2443 249 2476 et
267 2435 436 2474 πλούτου
453 2436 491 2472 in
510 2440 533 2458 “
550 2437 716 2485 margine
730 2449 776 2473 ex
787 2436 901 2473 veteri
954 2439 1039 2475 vide
1057 2451 1152 2475 vers.
1171 2442 1195 2476 3
1215 2440 1338 2489 (557).
1373 2439 1423 2477 R.
1443 2439 1490 2477 B.
1532 2437 1642 2476 τουτὶ

213 2501 362 2551 quidem
382 2501 446 2538 sed
474 2501 620 2537 diversa
646 2501 796 2538 manu.''
837 2499 903 2536 In·
955 2504 1168 2555 γράψωμαι
1187 2503 1326 2552 Raper.

217 2565 409 2602 verniziuS.
439 2563 612 2615 δεύτερον
630 2553 678 2620 cu}
689 2563 800 2600 ταυτὶ
813 2562 906 2615 ’γριί-
1014 2566 1102 2606 162.
1128 2567 1340 2616 μνημόσυνα
1367 2568 1545 2621 γράψομῖ
1572 2566 1645 2614 ἐγώ

220 2630 350 2678 ψομαι
370 2630 460 2666 Ald.
480 2636 515 2666 et
534 2630 637 2666 Junt.
660 2634 693 2665 1.
732 2629 907 2681 δεύτερον
960 2630 1050 2667 Ald.
1079 2631 1182 2670 Junt.
1214 2637 1248 2669 1.
1278 2637 1316 2671 2.
1355 2632 1564 2684 γράψομαι
1583 2629 1648 2677 ’γαί

219 2692 266 2730 ἅν
284 2710 352 2731 σου
380 2694 490 2732 τουτὶ
514 2694 722 2746 γράψομαι
749 2694 851 2732 Junt.
872 2698 909 2731 2.
963 2694 1145 2746 Scaliger.
1192 2696 1239 2740 Q.
1263 2696 1305 2734 S.
1331 2697 1375 2734 F.
1405 2694 1650 2740 Christianus,

222 2756 369 2810 «γράψω
405 2759 585 2810 Scaliger.
638 2759 830 2814 Δεύτερον
864 2757 912 2795 αὖ
964 2766 988 2785 “
1010 2762 1186 2800 Kuster.”
1213 2762 1296 2799 vide
1316 2761 1463 2806 Tracts,
1485 2773 1521 2809 p.
1543 2763 1606 2796 10.

227 2839 296 2860 σου
314 2824 459 2878 γράψω
486 2823 533 2868 Q.
550 2823 591 2863 S.
608 2823 653 2863 F.
671 2823 913 2864 Christianus.
1025 2825 1115 2866 163.
1146 2833 1172 2854 “
1196 2827 1268 2878 leg.
1296 2824 1653 2877 spensawem'eew?
