1864 3132
883 211 985 260 51⁷

215 302 331 360 Lege,
363 311 407 347 ὥς
437 307 576 364 ἔτυχεν
601 309 709 356 Λήδα
734 313 901 365 auxesin?

214 373 327 427 ὄρνιθι
347 373 522 427 πτάμὲνφ
535 374 636 426 [Vide
650 374 797 423 Tracts,
812 376 900 429 ciii-J

216 439 336 483 Quam
352 439 476 491 facile
507 446 626 494 autent
651 440 726 478 Jeaec
755 453 900 490 permu-

212 509 350 551 tentur,
367 506 550 555 'exemplis
567 505 723 556 patebit.
780 506 899 545 Recte

210 568 333 606 editur
377 569 519 607 Electr.
565 574 656 615 949.
711 570 899 623 ἐξέπτατ’

209 634 330 680 οἴκων,
357 634 424 671 sed
438 633 575 672 Sextus
586 635 795 684 Empiricus
811 637 895 676 adv.

207 697 388 736 Mathe-m.
409 711 475 744 XI,
493 702 558 738 54.
591 700 698 738 habet
713 702 894 753 ἐξίπτατ·

207 761 326 798 οἴκων.
361 760 455 799 Eur.
490 761 618 812 Suppl.
658 761 750 806 860.
796 764 894 803 διεπ-

208 824 394 876 ‘ran-0111.
411 826 456 872 Ε,
477 830 568 865 282.
588 826 773 875 πταμένη,
790 830 892 881 etc.].

204 887 301 926 Ibid.
342 889 510 928 Verbum
538 889 710 939 πτάομαί
736 893 890 942 πτῶμαι
917 941 923 947 ·

204 954 303 1002 apud
327 954 476 993 Atticos
503 954 648 994 nullum
677 969 757 994 esse
783 957 891 997 docet

205 1019 277 1056 Vir
294 1019 624 1074 praestantissimus
639 1035 648 1058 :
669 1021 753 1059 etin
762 1022 889 1061 Schol.

200 1085 249 1122 ad
268 1085 396 1134 Apoll.
417 1085 540 1123 Rhod.
561 1098 624 1132 ιν,
654 1085 771 1132 1396.
799 1088 889 1126 MS.

200 1147 312 1186 Harl.
351 1147 664 1203 προσπετόμενον
696 1149 796 1188 clare
822 1163 888 1189 ex-

197 1213 312 1252 hibet.
349 1213 432 1252 Hoc
444 1214 538 1262 loco,
549 1214 636 1253 licet
646 1214 885 1263 alienissimo,

196 1291 356 1330 quaerere
390 1279 491 1317 subit
524 1292 571 1317 an
602 1285 807 1319 structuras
835 1281 885 1319 ad

196 1343 326 1392 pronai
343 1342 464 1397 latera
488 1349 680 1391 protensas
703 1345 757 1381 D.
778 1345 885 1382 Mat-

155 1423 159 1431 ¹
196 1407 290 1445 tlaoeo
310 1419 373 1455 lv,
393 1411 429 1445 5.
458 1407 518 1446 ἐπὶ
536 1408 586 1445 τό
605 1408 807 1460 πτερύγιον
823 1410 884 1447 de-

194 1473 340 1523 signare
355 1472 489 1509 liceat:
510 1472 645 1510 etenim
663 1473 761 1511 hanc
778 1475 882 1512 verbi

194 1537 273 1575 vim
319 1543 533 1588 suspectam
577 1538 692 1577 habet
737 1539 882 1578 Praesul

190 1603 474 1649 eruditissimus,
502 1602 710 1640 Herba-tus
729 1603 880 1651 Marde,

191 1667 279 1718 quia
305 1668 434 1706 eodem
462 1681 570 1706 sensu
588 1680 773 1719 nusquam
791 1668 880 1707 alibi

188 1731 360 1769 occurrit.
416 1731 500 1778 Sed,
534 1743 625 1779 pace
657 1731 880 1770 Professoris

189 1795 409 1845 dignissimi,
443 1794 547 1844 cujus
582 1792 684 1833 d'otes
702 1796 878 1834 ‹eximias

187 1859 362 1909 suspici0,
398 1871 484 1895 cum
518 1857 579 1895 ἐπὶ
608 1859 810 1912 πτερύγιον
837 1860 877 1897 in

187 1922 365 1962 vaticinio
396 1922 496 1971 apud
533 1922 682 1960 Daniel.
703 1935 771 1969 1x,
810 1922 875 1962 26.

178 1988 292 2038 juxta
308 1987 495 2025 versiones
524 1988 718 2038 quasdam,
745 1993 782 2026 et
808 1987 873 2028 ἔως·

185 2053 388 2106 πτερυγίου
433 2051 569 2088 ibidem
620 2051 657 2088 in
705 2052 872 2102 margine

186 2115 335 2154 Codicis
361 2116 606 2163 VAncAm,
634 2116 741 2154 illam
769 2118 871 2156 vocis

183 2180 491 2229 significationem
510 2181 599 2218 tueri
617 2181 821 2228 videantur,
835 2188 872 2220 et

183 2243 272 2280 κάπὶ
310 2243 496 2296 πτέρυγος·
531 2244 570 2280 in
608 2244 698 2280 MS.
734 2245 868 2283 Venet-

183 2307 341 2346 aloerum
374 2308 530 2345 verbum
566 2319 632 2356 pro
661 2307 777 2345 altero
807 2323 869 2347 su-

180 2372 288 2409 binde
332 2370 501 2419 usurpari
536 2370 695 2408 indicet:
742 2373 867 2422 quidni

178 2436 278 2474 idem
297 2435 353 2473 D.
367 2434 550 2472 Matthoeo
568 2435 733 2472 licuerit?
773 2437 867 2474 Lec-

177 2502 294 2539 tiones
325 2501 449 2538 varias
478 2499 579 2551 2.R·
596 2499 784 2537 Holmesio
809 2503 865 2554 τῷ

178 2566 389 2620 Μακαρίτῃ
401 2570 568 2603 enotatas
582 2565 758 2613 inspicere
770 2566 863 2603 mihi

178 2630 345 2668 nondum
375 2631 529 2680 obtigit3
573 2630 669 2680 quod
697 2631 729 2668 si
752 2631 862 2681 hujus

178 2707 264 2734 usus
309 2696 499 2734 rarissima
549 2702 635 2733 sunt
677 2696 862 2746 exempla,

105 2775 108 2778 ¹
159 2766 161 2768 ’
171 2769 336 2810 perrarae
379 2758 598 2796 exstiterunt
648 2757 717 2796 alae
762 2759 861 2808 apud

952 305 1107 352 Graee'os
1142 325 1190 352 ex
1227 319 1380 364 utraque
1414 314 1505 353 aedis
1536 320 1642 365 parte

948 384 1150 428 surgentes.
1196 378 1375 417 Pertenue
1411 391 1499 426 vero
1532 378 1638 416 nobis

947 449 1208 494 argumentum
1250 445 1443 495 porrigunt
1477 451 1637 494 cognata

946 507 1152 554 vocabula;
1195 507 1386 553 videlicet,
1433 508 1637 546 ΟΡΘΟΠ-

945 570 1146 609 TEPON.
1196 572 1400 623 Σοφοκλῆς·
1438 573 1633 621 Αἰθίοψιν.

943 633 1074 686 ὄρθοιὶς·
1091 634 1240 688 ἔχοντα
1259 634 1450 673 κολωνούς.
1487 636 1540 672 τά
1557 636 1632 688 ’γᾶρ

942 703 990 737 εἷς
1004 698 1106 748 ὕψος·
1124 699 1332 754 ἀνέχοντα,
1342 699 1476 753 Πτέρα
1489 699 1632 748 ἔλεγον,

941 765 999 802 καὶ
1024 765 1079 802 ra*
1103 765 1305 818 περιστόα.
1341 765 1498 803 Photius
1526 764 1564 801 in
1593 777 1632 803 v.

938 830 1116 883 [Πτερᾶν
1131 836 1169 868 et
1195 829 1391 884 πτερύγων
1417 835 1632 880 permutan-

939 899 1000 933 tur
1016 894 1054 932 in
1073 899 1178 932 textu
1195 900 1232 932 et
1248 894 1366 932 schol.
1382 892 1630 940 Ran.1346.;

938 964 976 997 et
1003 960 1080 997 Av.
1110 963 1228 998 1325.
1268 959 1349 1010 lege
1382 960 1429 998 ob
1464 965 1628 998 metrum

938 1022 1133 1077 πτερύγων
1167 1023 1216 1060 R.
1229 1022 1278 1060 P.
1313 1023 1412 1072 apud
1439 1021 1630 1073 P.P.D.]

939 1087 1049 1126 Cous.
1071 1088 1219 1135 Strabo,
1241 1100 1362 1134 xvn‚
1394 1091 1511 1126 1142.
1548 1087 1627 1125 Ox.

938 1153 998 1191 De
1039 1153 1192 1191 vocibus
1227 1153 1342 1191 ἀετός
1387 1158 1425 1190 et
1468 1151 1626 1200 α’έτωμα

929 1218 1122 1268 pinnicula
1134 1218 1349 1271 fastigiata
1365 1218 1625 1256 denotantibus

934 1284 1105 1336 quaedam
1134 1284 1292 1322 dilucide
1320 1283 1523 1333 expedivit,
1554 1283 1626 1321 Vir

932 1361 1118 1395 summus,
1152 1348 1189 1385 V
1186 1348 1423 1387 alckenoerius
1440 1348 1478 1384 in
1497 1347 1623 1385 Diatr.

932 1410 1133 1450 214—16.
1190 1413 1231 1450 Si
1255 1412 1406 1461 objiciat
1424 1412 1621 1462 quispiam,

931 1475 1028 1525 quod
1046 1473 1248 1527 πτερύγιον
1265 1475 1315 1512 sit
1328 1487 1402 1512 vox
1415 1474 1620 1522 rarissima,

930 1543 1007 1585 aut,
1023 1544 1065 1576 ut
1081 1537 1316 1589 στεφάνωμα
1328 1535 1490 1591 πύργων,
1509 1536 1620 1576 nimis

929 1604 1074 1652 poetica
1100 1602 1271 1640 videatur
1278 1617 1288 1647 ;
1325 1602 1422 1652 quod
1451 1614 1618 1652 regeram

929 1668 1066 1712 habe03
1086 1667 1219 1717 primo,
1235 1678 1312 1703 vox
1319 1665 1414 1703 ‘alibi
1432 1677 1619 1716 nusquam

927 1737 1107 1781 usurpata
1122 1729 1177 1767 illi
1190 1729 1282 1767 vitio
1293 1728 1387 1765 verti
1402 1741 1476 1765 non
1490 1728 1617 1773 debet;

925 1796 1024 1835 idem
1056 1794 1155 1832 enim
1187 1794 1225 1830 in
1256 1799 1424 1830 auctores
1459 1791 1618 1842 castiga-

925 1860 1088 1898 tissimos
1133 1858 1286 1896 recidit:
1337 1856 1471 1894 *deinde
1516 1861 1542 1879 “
1575 1856 1616 1911 in

924 1926 1039 1963 Novo
1082 1924 1325 1962 Testamento
1367 1934 1440 1959 non
1482 1921 1614 1959 desunt

922 1989 1106 2028 vocabula
1123 1988 1276 2038 poeticae
1292 1987 1457 2037 originis.
1485 1985 1526 2023 S.
1539 1985 1613 2022 Pe-

921 2060 1002 2092 trus
1029 2055 1070 2105 [2
1091 2053 1163 2102 Ep.
1187 2052 1227 2099 ii,
1260 2052 1343 2102 22]
1370 2052 1415 2088 de
1442 2062 1534 2088 cane
1561 2049 1610 2087 ad

919 2116 1104 2154 vomitum
1131 2115 1304 2152 redeunte
1330 2113 1495 2164 loquens,
1521 2125 1609 2151 cum

916 2181 1054 2229 ἔμετον
1071 2193 1118 2218 ex
1138 2192 1232 2218 Lxx
1251 2180 1383 2231 [Prov.
1401 2179 1507 2223 xxvi,
1530 2178 1610 2229 11.]

917 2247 1036 2284 dicere
1075 2245 1246 2296 potuerit,
1290 2244 1385 2281 dixit
1428 2241 1606 2296 ἐξέραμα,

917 2310 1014 2360 quod
1044 2323 1091 2346 ex
1122 2308 1304 2347 versiculo
1332 2308 1456 2358 aliquo
1487 2320 1604 2356 parae-

915 2374 1037 2410 miaco
1079 2373 1248 2410 hausisse
1283 2372 1439 2418 videtur,
1484 2377 1525 2409 ut
1568 2377 1605 2409 et

913 2436 1004 2474 illud
1038 2436 1196 2482 κιίλισμα
1225 2433 1439 2488 βορβόρου.
1496 2435 1601 2472 Idem

913 2501 949 2551 [1
989 2501 1062 2549 Ep.
1098 2512 1141 2545 v,
1179 2500 1236 2551 5.]
1278 2498 1599 2548 ἐγκομβώσασθαι

912 2565 1028 2611 dixit;
1055 2565 1158 2615 quod
1169 2565 1324 2603 verbum
1344 2563 1443 2614 apud
1470 2567 1599 2610 poetas

912 2629 1146 2667 solummodo
1173 2628 1336 2666 invenire
1361 2625 1480 2676 potuit
1498 2625 1600 2662 Pho-

912 2696 983 2732 tius
1009 2694 1096 2743 (Ep,
1129 2697 1278 2742 cmm),
1325 2690 1596 2741 Epichamium

912 2758 1064 2805 scilicet,
1098 2763 1134 2796 et
1162 2755 1432 2806 Apollodorum
1457 2753 1599 2805 Carys-
