1864 3132
820 193 932 251 29⁷.

151 304 346 368 corripi,
383 302 525 351 modo
553 301 755 366 produci
771 321 785 360 3
833 318 943 351 cum
976 309 1138 351 tamen
1168 301 1218 351 in
1249 300 1422 349 futuris
1445 309 1581 360 λυσω,

151 389 202 430 et
240 404 369 439 τισω,
407 387 457 429 et
495 395 605 443 quae
643 379 774 435 hinc,
799 377 953 426 fluant
994 377 1306 442 temporibus,
1353 378 1483 426 nulla
1521 379 1584 425 sit

151 458 434 523 quantitatis
500 456 721 514 variatio.
816 456 935 504 Hoc
1000 457 1198 519 inquam
1266 456 1588 504 observarunt

153 536 376 593 editores,
416 534 500 582 sed
539 534 590 581 in
630 534 701 582 rei
741 533 1008 581 observatae
1048 534 1236 581 ratione
1275 534 1588 597 prosoediaca

151 611 487 676 investiganda
521 616 675 658 artem
711 616 847 657 suam
887 609 1067 656 frustra
1107 625 1385 657 exercuere.
1473 608 1588 657 Nec

150 705 265 738 vero
299 689 402 736 sine
438 688 536 735 risu
571 688 689 735 alios
724 687 925 735 aliorum
963 694 1236 741 commenta
1262 687 1402 755 video
1427 686 1590 734 sannis

153 767 466 830 excipientes,
525 782 635 814 cum
674 766 764 830 ipsi
804 765 996 813 interim
1040 765 1159 812 nihil
1200 766 1463 831 ὑγιεστερον
1508 783 1590 814 ex-

153 846 430 910 cogitarint.
499 845 648 894 Ridet
683 862 781 893 non
818 845 966 893 semel
1003 845 1193 892 doctiss.
1235 845 1458 893 Clarkius
1505 843 1591 912 [ad

156 922 212 990 Il.
238 928 294 981 A,
319 934 417 971 314.
466 930 515 982 Z,
549 934 648 971 434.
697 930 757 982 Δ,
788 935 887 982 257,
929 922 1048 985 etc.]
1119 922 1340 970 Barnesii
1385 922 1592 986 ineptias

152 1000 368 1049 vocalem
406 1024 430 1048 υ
469 1001 518 1048 in
558 1008 663 1058 λυω,
705 1024 719 1048 ι
753 1001 804 1048 in
840 1023 922 1048 τιω
958 1015 1262 1047 communem
1299 1000 1588 1049 statuentis:

154 1095 264 1126 cum
309 1085 489 1136 tamen,
529 1093 640 1141 quae
691 1077 794 1142 ipse
845 1076 1253 1134 comminiscatur,
1300 1092 1330 1123 a
1368 1075 1592 1123 Barnesii

151 1156 348 1220 ineptiis
383 1156 534 1204 verbo
570 1156 808 1203 duntaxat
842 1162 984 1203 tenus
1026 1154 1317 1218 discrepent,
1392 1152 1592 1216 Nempe

151 1231 341 1280 vocales
382 1255 405 1279 υ
444 1237 494 1279 et
534 1255 548 1278 ι
586 1231 636 1278 in
679 1231 816 1279 dictis
854 1247 913 1278 ac
953 1230 1185 1278 similibus
1220 1230 1380 1278 verbis
1418 1236 1594 1277 natura

149 1309 323 1374 longas
346 1327 451 1358 esse
486 1310 675 1358 censuit
693 1330 708 1368 ,·
763 1311 826 1359 ob
860 1310 1149 1375 positionem
1185 1326 1300 1359 vero
1332 1310 1593 1374 aliquando

154 1389 347 1451 corripi,
414 1394 654 1450 quatenus
700 1387 883 1435 scilicet
926 1387 1079 1435 altera
1123 1393 1381 1449 sequatur,
1402 1384 1590 1433 vocalis.

156 1466 222 1513 At
246 1465 375 1520 enim
409 1463 581 1519 aliane,
617 1464 837 1520 obsecro,
863 1469 936 1509 est
957 1463 1318 1526 productarum,
1358 1461 1451 1508 alia
1487 1476 1593 1508 cor·

158 1549 403 1607 reptarum
429 1538 653 1604 positio?
741 1539 879 1589 Num
921 1539 1109 1587 diversa
1148 1554 1252 1585 esse
1295 1543 1455 1599 potest
1501 1535 1595 1602 syl-

157 1618 375 1666 labarum
411 1616 722 1679 distributio?
782 1620 847 1667 At
887 1618 938 1665 ni
978 1618 1071 1666 hoc
1113 1616 1220 1664 fieri
1257 1616 1425 1680 possit,
1466 1632 1596 1664 com-

161 1693 393 1753 mentum,
432 1684 530 1759 quo
575 1712 627 1744 se
671 1702 770 1743 tam
811 1692 1013 1750 mirifice
1050 1692 1223 1740 extulit
1266 1691 1340 1740 vir
1384 1691 1595 1748 doctiss„

157 1773 222 1820 ad
263 1771 486 1820 Barnesii
522 1773 726 1837 ineptias
761 1771 906 1837 plane
939 1770 1124 1819 recidit.
1195 1768 1305 1818 Nos
1329 1768 1598 1817 istiusmodi

159 1853 350 1904 vocales
403 1859 579 1901 natura
628 1851 798 1899 breves
845 1865 950 1898 esse
996 1848 1266 1905 statuimuS,
1331 1847 1389 1895 iis
1434 1852 1597 1895 autem

160 1925 333 1997 subjici
376 1936 604 1994 oportere
649 1933 998 1976 consonantem
1045 1925 1166 1973 Vau.
1258 1924 1382 1972 Haec
1427 1925 1597 1987 utique

160 2009 288 2056 inter
328 2008 445 2055 duas
485 2006 676 2055 vocales
714 2004 1024 2053 intercedens
1062 2003 1114 2050 in
1155 2002 1353 2050 diversis
1393 2018 1481 2065 pro
1522 2018 1598 2048 ar-

158 2082 307 2131 bitrio
330 2081 523 2147 syllabis
547 2080 798 2128 enunciari
821 2079 1017 2144 poterit.
1093 2077 1244 2125 Verbi
1267 2068 1435 2142 utique
1467 2085 1598 2125 λωνω

160 2159 369 2220 priorem
415 2173 503 2221 pro
540 2157 697 2205 lubitu
738 2156 1034 2204 constituere
1075 2153 1241 2202 licebit
1285 2154 1360 2201 vel
1403 2162 1475 2210 λυ,
1521 2152 1599 2200 vel

162 2242 290 2283 λυννε
345 2234 397 2281 Si
430 2251 461 2280 a
493 2234 645 2282 vocali
679 2233 932 2280 claudatur
963 2240 1128 2290 λυ-ννω,
1171 2248 1270 2279 non
1295 2231 1475 2294 poterit
1498 2246 1598 2278 non

166 2311 373 2374 corripi:
430 2310 557 2373 *sin
597 2327 626 2356 a
664 2316 964 2357 consonante
1002 2316 1171 2365 λυνν-ω,
1216 2306 1322 2355 eam
1362 2307 1504 2354 simul
1543 2322 1600 2354 ac

166 2389 520 2456 pronunciatis,
563 2405 622 2436 ea
645 2389 736 2436 erit
763 2389 860 2437 oris
894 2388 1137 2452 figuratio,
1179 2394 1234 2433 ut
1257 2393 1371 2433 ante
1394 2402 1601 2449 sequen-

166 2475 265 2515 tem
298 2466 513 2514 vocalem
548 2465 700 2512 altera
722 2486 761 2512 w
791 2464 1066 2511 necessario
1089 2464 1150 2510 sit
1173 2461 1431 2509 efferenda.
1503 2460 1603 2508 Fu-

168 2551 331 2592 turum
377 2560 493 2591 vero
548 2550 711 2590 λωνσω
755 2542 806 2588 in
853 2542 1057 2606 syllabas
1103 2540 1170 2587 ita
1216 2540 1370 2587 secari
1415 2538 1602 2601 nequit,

171 2625 225 2666 ut
257 2619 464 2682 priorem
502 2617 741 2680 corripiat.
813 2617 989 2664 Similis
1026 2621 1098 2663 est
1131 2617 1254 2662 ratio
1288 2614 1604 2679 prosoediaca

1642 2312 1733 2361 166

171 2694 428 2743 Verborum
473 2717 610 2759 awop,
656 2691 838 2759 δαψιζῳ,
885 2691 1007 2752 duva,
1065 2701 1244 2751 ολοννος,
1301 2692 1603 2755 aliorumque
1670 2687 1674 2691 ⁵

171 2773 301 2824 haud
334 2789 613 2838 paucorum
