1864 3132
806 181 904 229 521

141 287 340 359 injicere
362 290 520 349 debet,
553 288 709 337 sicubi
742 310 868 358 ογυιᾳς
902 287 1063 352 priore
1095 291 1318 350 correpta
1345 285 1565 352 legatum

143 372 275 434 quod
296 371 346 417 in
369 391 479 417 ποιω
500 383 600 416 non
622 381 734 413 raro
756 365 976 413 obtinere
997 363 1226 413 videmus».
1266 361 1389 410 Haec
1405 370 1569 410 tamen

142 449 270 495 inter
291 446 439 496 verba
473 445 590 493 illud
611 443 828 500 interest,
870 443 1001 506 quod
1034 464 1162 504 ‘ymas-
1197 440 1410 505 priorem
1446 456 1572 488 nun-

144 540 289 588 quam
327 522 577 586 producat‚
611 519 818 567 alterum
857 534 973 566 vero
1023 519 1165 566 modo
1210 515 1369 585 woly«,
1413 516 1576 580 priore

145 604 383 662 correpta,
434 598 575 646 modo
618 618 705 657 vroy
722 595 728 658 1
744 617 804 655 yw
848 595 1084 658 producta
1115 594 1279 642 veniat
1314 592 1573 641 efferenda.

146 677 199 724 Si
234 677 342 740 quis
376 682 539 724 autem
573 674 701 723 forte
735 689 868 739 aegre
903 672 1029 720 ferat
1059 672 1248 720 literam
1274 694 1383 720 ιωτα
1407 686 1578 719 conso-

147 761 347 801 nantem
380 769 413 800 a
437 754 575 801 nobis
619 751 791 814 accipi,
836 750 876 797 is
914 749 1065 814 legat,
1100 749 1259 806 velim,
1305 749 1578 814 subjectum
1640 800 1646 806 ,

147 829 441 878 Terentiani
462 829 622 876 locum
647 828 719 891 [p
743 825 842 888 28]
863 844 876 874 t

215 915 453 964 Diximus
474 931 649 964 rarum
672 930 775 963 esse
798 912 990 962 Graecis
1013 936 1123 962 ιωτα
1139 920 1251 977 post
1274 919 1316 962 Υ
1340 912 1578 962 subdere:
1651 927 1657 931 ’

224 992 401 1040 Verum
425 993 554 1040 enim
574 1009 663 1040 nec
681 990 948 1055 praeloeari
969 989 1040 1038 sic
1057 991 1192 1053 apud
1211 990 1395 1039 Graios
1404 994 1583 1053 potest,

215 1065 353 1115 Edat
375 1074 431 1114 ut
452 1067 791 1131 diphthongon
802 1083 970 1130 ¹unam
992 1065 1052 1115 de
1076 1066 1270 1115 duabus
1293 1066 1483 1115 voculis
1498 1083 1514 1112 :

161 1139 163 1141 ’
217 1143 401 1192 Isiterae
424 1161 544 1192 nam
565 1161 743 1192 nomen
758 1145 935 1207 ipsum,
950 1167 1059 1192 ιωτα
1073 1144 1201 1209 quod
1222 1142 1412 1191 Graius
1425 1147 1586 1199 vocat,

221 1220 276 1267 Si
299 1220 407 1286 quis
429 1220 482 1268 in
503 1228 656 1269 metro
681 1221 876 1278 locabit,
901 1219 1105 1285 syllabae
1128 1226 1184 1267 ut
1190 1221 1330 1284 fiant
1354 1220 1464 1267 duce
1480 1238 1501 1274 ‚-

218 1292 336 1343 Non
351 1304 512 1358 potest
535 1296 864 1359 diphthongos
887 1311 991 1344 esse
1015 1320 1063 1343 ιω
1084 1295 1284 1344 duabus
1308 1295 1482 1353 literis,

222 1371 509 1418 Consonans
525 1372 667 1434 prior
690 1373 851 1420 locata
879 1373 994 1436 quia
1002 1373 1071 1435 fit
1096 1379 1142 1419 et
1165 1373 1339 1419 Graios
1362 1373 1519 1435 apud3

229 1445 371 1505 Quod
394 1445 483 1493 tibi
504 1447 721 1509 exemplo
739 1446 954 1509 probare
975 1462 1150 1494 versus
1174 1445 1355 1493 herous
1368 1452 1529 1509 potest
1549 1464 1565 1493 .·

258 1531 490 1580 *ΟΥΤΟΣ
518 1543 648 1580 ΙΩΤΑ
684 1543 878 1580 ΓΡΑΦΕΙ
902 1549 1066 1582 versus
1089 1534 1128 1580 si
1150 1533 1438 1597 principium
1461 1534 1539 1591 sit,
1629 1550 1724 1601 298

225 1620 328 1668 Pes
350 1621 444 1681 erit
457 1621 653 1683 primus
671 1621 929 1679 trochaeus,
954 1622 1039 1670 sed
1044 1621 1180 1688 facit
1196 1622 1444 1684 spondeon
1459 1621 1592 1671 hunc

225 1696 403 1745 Prima
427 1697 616 1746 vocalis
636 1698 803 1746 notari
825 1722 934 1746 ιωτα
959 1714 1055 1764 qua
1087 1697 1300 1747 Graium
1323 1698 1509 1762 incipit.

163 1786 414 1835 Habemus
453 1787 546 1833 hoc
586 1787 636 1833 in
671 1787 795 1844 loco,
841 1794 1021 1850 praeter
1049 1787 1336 1850 exemplum,
1379 1787 1509 1851 quod
1532 1804 1595 1836 ex

163 1864 379 1929 professo
414 1864 610 1910 adducit
632 1863 980 1921 Terentianus,
1016 1871 1224 1926 quatuor
1255 1865 1451 1928 insuper
1481 1865 1593 1921 alia,

165 1941 218 1988 in
250 1940 424 2003 quibus
461 1939 613 1987 literae
650 1963 698 1987 ιω
733 1941 1080 1999 μονοσυλλαβως
1113 1940 1492 2003 pronunciandae
1514 1956 1594 1989 ve-

169 2018 321 2064 niunt.
394 2015 633 2064 Versuum
664 2018 833 2082 utique
863 2018 1020 2080 primi,
1057 2018 1232 2081 quarti,
1273 2019 1411 2076 sexti,
1450 2026 1598 2084 atque

169 2094 321 2142 ultimi
343 2095 489 2157 pedes
515 2095 690 2157 quarti,
715 2103 764 2142 et
788 2095 960 2159 quinti,
984 2084 1052 2142 sic
1075 2095 1398 2143 constituendi
1418 2103 1562 2146 sunt:

428 2195 464 2229 1.
501 2182 689 2231 Graecis
758 2190 868 2232 ιῶτᾶ
965 2191 1006 2233 6.
1043 2200 1147 2232 esse
1215 2189 1325 2233 ιῶτᾶ

423 2270 465 2306 4.
501 2259 662 2321 ipsum
758 2266 866 2309 αἴῃ-ἅ
939 2273 1003 2310 11.
1041 2262 1133 2309 tari
1215 2263 1324 2308 ιῶτᾶ

177 2384 291 2418 ποεῖν·
322 2379 379 2415 καὶ
398 2379 540 2426 ποίημα
566 2379 707 2426 πόημα.
753 2381 862 2419 Conf.
916 2384 1038 2434 vmg‘if‘
1058 2383 1229 2420 Fortasse
1239 2383 1468 2422 Ἑλλανικος.
1487 2389 1602 2424 1155.

176 2457 288 2495 supra
307 2457 342 2493 p.
363 2447 455 2481 210.
482 2450 519 2481 et
538 2444 708 2481 Addend.
730 2444 865 2483 Tracts
906 2445 1076 2498 ’Ἃριχος
1095 2458 1132 2495 q.
1153 2447 1428 2501 Αρισταρχοςε
1449 2454 1489 2485 ut
1502 2448 1546 2485 R.
1560 2449 1603 2486 Β.

177 2508 213 2560 p.
233 2514 326 2551 371.
370 2509 442 2547 Sed
460 2508 498 2545 in
517 2508 728 2557 hujusmodi
747 2517 866 2561 φλυα-
920 2509 967 2546 ad
990 2510 1087 2546 Ran.
1112 2509 1226 2547 1526.
1264 2512 1477 2548 ἱππυλύτου
1492 2512 1604 2562 ³‘leg.

179 2568 269 2627 ρίαὶς·
314 2571 571 2610 examinandis
616 2585 689 2610 non
732 2573 868 2612 immo·
920 2572 1102 2619 Πολυίδω,
1141 2572 1266 2610 Schol.
1300 2575 1389 2612 Eur.
1427 2575 1474 2611 ad
1490 2574 1605 2624 Hipp.

175 2642 317 2674 —rantur-
346 2636 498 2676 librarii.
550 2639 666 2673 1103.
742 2637 867 2675 Schol.
925 2636 1048 2682 19l.;’'
1080 2643 1117 2675 et
1144 2638 1190 2675 ad
1222 2639 1421 2676 Demosth.
1442 2638 1606 2688 Philipp.

186 2702 339 2755 χωρίον.
358 2714 393 2750 q.
413 2699 588 2753 Χαβρίου
607 2700 871 2740 TannrrT.
928 2712 1000 2738 111.
1020 2713 1057 2750 p.
1078 2705 1167 2745 119.
1184 2714 1251 2751 pro
1268 2701 1408 2755 ἅρχην,
1437 2701 1609 2756 ’'Apxm·

187 2766 248 2815 qui
267 2765 313 2802 ad
327 2763 451 2804 Schol.
469 2766 507 2803 in
519 2765 615 2803 Rau.
629 2769 721 2809 732.
747 2765 873 2805 Ἀλλά
926 2781 1000 2812 mn
1025 2766 1186 2815 reposuit
1205 2766 1391 2804 Reiskiue.
