1864 3132
924 229 1046 279 468.

263 334 472 384 audiens
492 353 512 390 ,·
572 333 658 383 sed
710 333 871 383 videre
916 333 1205 400 neutiquam
1248 332 1406 381 valeo.
1497 329 1696 393 Nempe

263 412 491 459 obturata
514 417 653 459 erant
676 411 839 459 omnia
860 418 1037 475 praeter
1059 411 1317 467 caminum,
1350 408 1395 456 ei
1418 412 1580 480 autem
1603 403 1699 468 ipsi

264 496 369 536 rete
401 490 668 538 obtentum.
741 489 902 537 Sentis
934 490 1057 556 jam,
1103 489 1292 554 opinor,
1339 491 1574 551 quantum
1616 479 1698 529 hic

265 565 422 613 valeat
445 567 588 614 unius
610 567 815 615 literulae
839 568 1055 615 mutatio.

335 642 684 691 Succurramus
742 644 898 692 obiter
952 644 1071 692 locis
1127 643 1212 691 uni
1269 648 1318 689 et
1374 639 1515 689 alteri
1569 634 1701 701 apud

267 715 558 779 Sophoclem
583 718 926 766 laborantibus.
973 719 1088 767 Ant.
1116 729 1200 771 409
1227 717 1373 780 (403).

338 809 436 852 KP.
500 811 546 853 H
576 828 645 853 και
675 807 891 868 ξυνῖεεις155
921 830 986 855 και
1015 816 1168 870 λε’γεις·
1197 810 1331 872 ορθως
1364 805 1394 854 οἶ
1427 811 1544 871 φῃςς

336 886 471 928 ΑΓΓ.
507 887 686 940 Ταυτην
713 904 750 944 ‘y
774 880 861 931 ιδον
885 887 1148 932 θαπτουσαν
1173 884 1219 933 ὄν
1242 906 1298 931 συ
1321 904 1401 930 τον
1424 900 1571 945 νεκρον

513 967 730 1013 Ave-mas.
766 962 879 1027 αρ156

909 961 1066 1020 ενδηλα
1093 987 1161 1011 και
1192 969 1321 1029 σαφη
1349 972 1504 1024 λεὙως

273 1048 488 1097 Verbum
534 1049 703 1112 utique
749 1046 836 1097 ιδον
891 1056 1155 1114 augmento
1214 1049 1496 1097 destitutum
1549 1047 1709 1108 poetae

274 1126 438 1174 Attico
463 1142 560 1173 non
578 1125 714 1173 licuit
731 1125 1036 1174 adhibere.¹⁵⁷
1073 1127 1276 1191 Scripsit
1291 1141 1406 1175 vero
1429 1119 1710 1186 Sophocles,¹

333 1257 423 1296 155.
453 1254 514 1291 Sic
539 1252 664 1290 Valck.
683 1247 731 1290 ad
759 1254 830 1291 Ph.
850 1257 966 1298 394.-,

277 1318 341 1355 sed
377 1322 400 1340 “
419 1318 536 1369 ξυνίης
568 1318 646 1355 V.”
692 1317 896 1363 Livineius,
932 1322 968 1354 et

280 1381 453 1420 Reislcius
465 1397 479 1425 ;
538 1383 634 1432 quod
680 1382 811 1420 melius
828 1398 839 1428 ;
885 1382 970 1420 vide

281 1447 331 1484 R.
351 1446 398 1484 P.
426 1448 473 1484 ad
493 1447 563 1485 Or.
587 1453 675 1486 141.

339 1510 430 1549 156.
456 1515 501 1550 ω’(ς
513 1512 532 1552 ἔ
545 1513 594 1550 V.
607 1513 656 1562 gl.
670 1515 738 1552 ἵνα.
758 1512 972 1556 Livineiu85

284 1581 330 1618 w‘s·
349 1591 491 1628 quoque
508 1578 546 1615 in
565 1579 733 1629 margine
752 1578 925 1615 Turnebi.

343 1648 428 1688 157.
461 1643 558 1681 Vide
589 1643 656 1681 Br.
685 1644 732 1681 ad
762 1643 853 1695 Lys.
887 1647 978 1688 759.

285 1710 442 1748 Thesm.
451 1714 543 1754 910.
557 1715 593 1747 et
605 1709 700 1747 conf.
709 1710 805 1747 infra
815 1723 877 1759 pp.
887 1713 979 1756 335,

284 1772 377 1813 346.
398 1780 420 1798 “
433 1775 505 1812 Sed
520 1787 720 1812 caveamus
735 1776 782 1812 ab
790 1774 982 1824 Hypotlze-

286 1839 384 1875 sibus
393 1854 407 1882 ;
438 1852 519 1889 quae
541 1852 627 1877 cum
655 1841 695 1876 in
723 1839 864 1886 Sacris,
898 1844 979 1876 tum

289 1904 327 1940 in
345 1903 632 1941 Humanioribus
660 1904 803 1942 Literis
829 1903 981 1953 pessimi

291 1973 378 2006 sunt
387 1969 566 2005 effectus.”
589 1967 832 2005 Marklandus
843 1969 880 2006 in
894 1973 981 2005 nota

292 2031 512 2081 longissima
531 2031 578 2068 ad
599 2030 727 2079 Suppl.
742 2035 833 2073 728.
855 2030 912 2067 ed.
930 2035 982 2075 1.;

293 2106 406 2142 quam
425 2094 463 2130 in
481 2094 637 2131 editione
657 2093 814 2143 repetita
830 2093 984 2142 paulum

295 2157 460 2194 mollitus
479 2162 599 2194 totam
617 2157 691 2194 fere
709 2157 856 2195 delevit.
881 2162 903 2180 ‘⁴
915 2157 987 2194 Lo-

296 2234 361 2259 cus
385 2221 528 2267 unicus,
559 2222 620 2271 qui
646 2222 733 2259 huic
762 2222 920 2260 licentiae
948 2223 985 2260 in

299 2285 456 2322 Hecuba
484 2286 520 2336 [1
532 2284 637 2337 176.]
666 2286 781 2333 favet,
828 2288 876 2324 ab
907 2287 987 2336 ipso

300 2342 461 2387 Brunck.
470 2351 650 2389 acerrimo
658 2352 751 2390 alias
760 2353 870 2402 hujus
878 2352 989 2390 licen-

301 2415 362 2454 tiae
380 2415 538 2460 vindice,
558 2418 772 2455 emendatus
785 2423 841 2455 est
859 2417 986 2467 [Conf.

303 2477 451 2515 Month.
467 2477 562 2516 Rev.
582 2478 684 2528 July,
708 2484 822 2525 1789.
843 2493 883 2530 p.
900 2483 989 2533 15.].

306 2542 356 2579 Et
366 2542 451 2578 cum
460 2541 653 2580 rarissima
660 2544 810 2582 omnino
818 2545 891 2582 sint
899 2545 991 2582 talia

303 2604 490 2654 exempla,
508 2619 664 2656 quorum
680 2608 752 2645 tria
765 2608 802 2644 in
819 2609 992 2656 Bacchis,

304 2670 584 2720 corruptissima
618 2684 709 2720 pene
743 2674 910 2711 omnium
939 2674 994 2711 fa-

306 2734 407 2781 bula,
438 2735 677 2784 reperiantur,
708 2736 816 2785 plane
847 2748 997 2787 persua-

308 2805 391 2835 sum
410 2797 542 2846 habeo,
562 2811 635 2836 non
653 2797 799 2837 licuisse
816 2799 855 2837 in
869 2800 999 2839 Attico

1022 1267 1191 1292 sermone
1235 1257 1479 1303 augmentum
1521 1245 1715 1300 abjicere.”

1022 1319 1122 1356 Vide
1158 1317 1307 1362 Tmcts,
1342 1329 1389 1365 5),
1422 1318 1511 1358 190.
1567 1308 1715 1359 Regula

1024 1381 1136 1431 igitur
1153 1385 1237 1429 post
1255 1379 1346 1416 alios
1375 1390 1399 1414 a
1418 1374 1595 1414 Dawesio
1612 1383 1717 1422 repe-

1026 1449 1096 1486 tita
1131 1452 1209 1485 esto
1246 1450 1434 1494 perpetua,
1469 1442 1549 1479 viz.
1591 1437 1716 1476 Poetoe

1029 1511 1154 1550 Attici
1190 1510 1378 1547 verborum
1423 1513 1586 1556 tempora
1626 1516 1719 1554 aug-

1030 1583 1184 1616 mentum
1202 1574 1419 1625 recipientia
1435 1572 1513 1610 sine
1527 1573 1721 1623 augmento

1032 1653 1212 1690 nunquam
1229 1638 1409 1676 adhibent.
1437 1649 1499 1686 pp.
1518 1632 1610 1672 346.
1630 1634 1722 1670 335.

1038 1703 1165 1742 Valck.
1194 1704 1242 1741 ad
1272 1704 1363 1740 Eur.
1393 1701 1465 1739 Ph.
1489 1704 1581 1745 891.
1603 1700 1724 1736 1243.

1037 1768 1154 1814 1672.
1197 1768 1361 1806 Brunck.
1398 1766 1446 1804 ad
1479 1766 1524 1803 P.
1542 1763 1594 1802 V.
1631 1765 1726 1807 229.

1034 1835 1126 1873 Eur.
1146 1833 1330 1872 Androm.
1355 1834 1448 1877 955.
1488 1829 1605 1879 Soph.
1634 1825 1727 1865 OEd.

1034 1901 1128 1950 Tyr.
1149 1903 1266 1943 1249.
1311 1898 1341 1934 I.
1370 1897 1614 1946 Aug-mentum
1635 1889 1726 1931 male

1036 1965 1214 2003 omissum.
1233 1964 1337 2000 Pers.
1356 1961 1448 1999 655.
1477 1965 1501 1982 “
1514 1958 1578 1996 ubi
1591 1962 1729 1996 caetera

1037 2029 1175 2080 partim
1207 2041 1227 2065 e
1252 2027 1476 2076 conjectura,
1511 2023 1648 2074 partim
1681 2033 1729 2059 ex

1039 2093 1158 2131 MSS.
1207 2094 1297 2130 bene
1342 2088 1622 2129 administravit
1667 2085 1730 2125 Cl.

1041 2157 1261 2205 Brunckius‚
1280 2157 1360 2208 lege
1384 2156 1579 2204 ἐπωδιόκει,
1598 2161 1636 2194 et
1651 2167 1732 2193 om-

1041 2224 1103 2261 nia
1121 2223 1187 2261 rite
1206 2222 1438 2273 procedent?
1482 2221 1533 2260 R.
1556 2221 1602 2259 P.
1632 2219 1731 2270 apud
1783 2210 1788 2215 ⁷

1043 2287 1089 2324 P.
1110 2286 1157 2324 P.
1176 2286 1231 2324 D.
1276 2286 1324 2323 ad
1356 2289 1433 2322 Av.
1471 2289 1588 2330 1290.
1633 2283 1732 2321 Vide

1044 2351 1219 2400 Septheb.
1228 2354 1278 2395 75
1286 2356 1302 2387 1
1313 2379 1322 2388 .
1333 2351 1434 2387 Pers.
1443 2347 1534 2392 376.
1543 2352 1635 2386 458.
1644 2345 1734 2385 463.

1045 2415 1135 2455 506.
1174 2415 1263 2453 Eur.
1299 2415 1439 2453 Bacch.
1475 2411 1592 2452 1063.
1632 2413 1734 2450 Pers.

1043 2480 1284 2520 416=422.
1339 2479 1541 2519 Παισθέντ’
1578 2477 1736 2532 ἔθραυον

1045 2545 1173 2583 πάντα
1215 2545 1367 2598 κωπήρη
1410 2542 1566 2581 στόλον.
1623 2543 1736 2580 Eum.

1046 2613 1137 2648 252.
1173 2607 1429 2646 καταπτακὸν
1458 2605 1509 2644 R.
1529 2607 1575 2644 P.
1619 2605 1736 2656 Soph-

1046 2674 1139 2724 Tyr.
1163 2671 1278 2711 1605.
1321 2672 1427 2710 Κοιῖκ
1460 2668 1504 2716 ἦν
1534 2669 1589 2710 ἔτ’
1620 2670 1739 2724 α’ργδν

1051 2737 1155 2776 οὐδὲν
1174 2735 1223 2776 ἄν
1240 2737 1387 2790 ἐφίετο,
1399 2735 1632 2781 Ἐκτιῖπησε.
1647 2733 1740 2776 OEd.

1054 2799 1137 2839 Col.
1178 2799 1296 2867 1623,
1331 2804 1369 2839 4.
1428 2798 1626 2851 legendum
1671 2802 1741 2845 est,
