1864 3132
827 260 924 308 145

287 369 349 414 Εκ
373 362 420 414 δε
440 387 509 415 και
527 385 656 414 wrm
679 364 836 425 βαινον
859 387 932 414 sm
955 366 1184 431 ,ὀῆγμινιω
1207 368 1451 426 θαλασσης,

157 453 456 503 efferendum
502 460 574 502 est
613 475 756 519 emwp
794 459 988 516 hrrymm.
1061 454 1252 503 Pariter
1292 455 1591 503 desideratur

155 533 417 597 prosoediae
448 531 739 596 scriptorum
769 531 968 598 ακριβεια
1002 531 1085 595 qui
1119 532 1233 579 istas
1268 532 1462 596 regulas
1495 538 1592 578 tra-

155 611 354 659 didere:

156 693 272 735 tura
313 685 466 749 longa
507 693 610 734 est:
663 693 744 736 et:
815 684 1006 734 Vocalis
1052 684 1214 733 brevis
1251 692 1367 733 ante
1404 691 1593 758 mutam

155 769 386 829 sequente
433 762 620 828 liquida
668 764 940 813 communis
983 763 1220 812 redditur.
1307 764 1385 812 Ex
1430 765 1594 827 priore

155 839 368 902 quidem,
410 840 480 886 uti
516 839 626 887 tulit
659 840 871 900 fortuna,
913 840 1034 888 nihil
1069 841 1199 906 quod
1229 841 1376 888 sciam
1407 840 1458 888 in
1482 856 1595 904 pro·

157 916 436 964 nunciando
469 923 723 980 peccatum
759 925 859 968 est:
910 919 1154 976 neminem
1181 919 1350 983 utique
1373 919 1595 966 audimus

157 1013 314 1056 τηρπω
359 1008 449 1055 pro
494 1015 648 1058 τερπω
699 994 980 1043 efferentem
998 1015 1012 1052 ;
1088 996 1220 1058 quod
1272 1003 1434 1046 tamen
1489 995 1594 1043 fieri

157 1082 356 1114 necesse
390 1074 533 1126 esset,
573 1069 615 1116 si
647 1070 820 1135 regula
854 1071 950 1119 vim
988 1071 1247 1119 obtineret.
1317 1072 1497 1119 Verum
1532 1087 1594 1118 ex

157 1143 308 1191 altera
331 1143 619 1208 jamdudum
650 1147 828 1210 passim
860 1155 1110 1213 grassatur
1128 1165 1280 1212 prava
1302 1148 1593 1196 enunciandi

156 1221 472 1279 consuetudo,
508 1237 606 1284 qua
627 1223 811 1272 scilicet
833 1225 883 1271 in
908 1224 1010 1272 istis
1045 1224 1128 1288 [Il.
1155 1230 1213 1283 O,
1238 1221 1387 1290 443.],

186 1297 328 1358 Τοξον
349 1320 464 1363 εχων
486 1321 531 1346 εν
554 1321 670 1365 χειρι
693 1309 959 1350 παλιντονον
983 1299 1060 1359 ηδη
1084 1306 1443 1359 ΦΑΡΕΤΡΗΝ,

185 1369 394 1433 Noctem
420 1373 735 1442 hyememque
754 1378 934 1443 ferens
958 1385 1004 1426 et
1025 1378 1275 1427 inhorruit
1297 1378 1434 1427 unda
1458 1386 1594 1428 tene-

346 1449 461 1508 bris,
531 1451 671 1515 [AEn.
699 1470 781 1511 111,
808 1451 933 1519 195.]

153 1529 418 1591 φαρη-τρην
449 1533 498 1574 et
533 1528 769 1577 tene-bris
803 1530 1082 1590 efferantur,
1119 1548 1228 1579 cum
1259 1538 1516 1598 φαρετρ-ην
1544 1540 1595 1582 et

154 1601 393 1651 tenebr-is
436 1611 671 1668 oporteat.
771 1606 967 1656 Revera
1011 1608 1094 1655 ubi
1139 1608 1353 1656 vocalem
1396 1609 1593 1658 brevem

154 1680 404 1744 excipiunt
437 1679 546 1730 duae
576 1691 916 1743 consonantes,
954 1701 1158 1749 quarum
1186 1692 1319 1735 muta
1348 1693 1420 1735 est
1443 1687 1592 1751 prior,

152 1757 305 1807 altera
335 1758 548 1822 liquida3
599 1759 667 1807 ita
700 1777 792 1825 pro
827 1762 1026 1810 arbitrio
1062 1764 1334 1828 comparari
1371 1767 1599 1830 *potest,

154 1842 208 1883 ut
247 1835 423 1883 vocalis
464 1835 556 1884 ista
594 1836 671 1885 vel
711 1836 941 1902 syllabam
987 1838 1183 1887 brevem
1230 1840 1472 1899 terminet,
1519 1840 1596 1889 vel

149 1912 202 1960 in
239 1914 410 1961 eadem
449 1930 559 1962 cum
599 1915 916 1979 sequentibus
957 1918 1197 1976 consonis,
1240 1934 1350 1982 quae
1389 1919 1595 1983 proinde

151 1987 302 2054 longa
348 1990 536 2048 evadet,
594 1990 825 2047 efferatur
840 1985 898 2040 ⁴32

208 2147 276 2181 42.
305 2147 332 2166 ‘⁴
349 2141 451 2193 Lege
467 2144 704 2196 fin‘qp-wa-J’
728 2142 779 2180 R.
793 2141 847 2180 D.

159 2205 248 2244 Cur.
266 2219 335 2246 sec.
368 2206 465 2255 apud
480 2205 740 2244 doctissimum
758 2206 849 2246 Edi-

158 2276 291 2309 torem.

209 2338 275 2371 43.
299 2338 327 2357 '“
349 2333 420 2370 Est
447 2333 560 2371 etiam
587 2333 626 2370 in
643 2333 848 2372 dividendis

153 2397 278 2435 verbis
310 2397 535 2443 observatio,
569 2397 736 2435 mediam
770 2398 852 2437 lite-

152 2475 237 2501 ram
265 2467 532 2499 consonantem
564 2463 674 2511 priori
701 2474 759 2501 an
794 2475 850 2502 se-

152 2527 280 2577 quenti
298 2525 456 2577 syllabae
474 2527 693 2577 adjungas?
730 2528 851 2574 Quin-

156 2591 212 2628 til.
249 2603 280 2637 1,
316 2591 382 2637 vii,
484 2619 494 2630 .
562 2592 651 2632 AEn.
689 2603 720 2638 1,
753 2591 846 2633 336.

161 2653 376 2705 Virginibus
406 2667 482 2692 mos
517 2659 572 2692 est
611 2655 736 2705 Tyriis
769 2670 852 2709 ges-

156 2723 239 2756 tare
270 2719 514 2768 pharetram,
559 2723 650 2759 323.
680 2719 851 2760 Succinc-

155 2786 230 2819 tam
266 2783 459 2831 phare-tra
485 2789 524 2822 et
550 2784 739 2822 maculosae
769 2790 853 2837 teg-

153 2847 247 2885 mine
264 2847 391 2897 lyncis,
430 2861 493 2897 ιν,
517 2854 605 2889 138.
629 2849 699 2889 cuz·
719 2850 853 2900 phare-

988 1992 1187 2059 Nempe
1232 1995 1323 2043 ista
1367 2002 1596 2061 φαρετρην

902 2152 962 2183 tra
989 2158 1032 2183 ex
1063 2159 1168 2193 auro,
1199 2147 1318 2185 crines
1345 2148 1530 2186 nodantur
1555 2149 1595 2186 in

901 2222 1042 2256 aurum,
1088 2211 1184 2251 Geo.
1210 2223 1272 2259 lv,
1301 2216 1394 2258 290.
1441 2212 1596 2264 Quaque

902 2272 1143 2322 pharetr-atae
1174 2275 1310 2314 vicinia
1339 2276 1506 2316 Persidis
1534 2291 1596 2316 ur-

901 2345 982 2389 get,
1019 2340 1105 2377 AEn.
1122 2352 1182 2387 VI,
1197 2345 1289 2380 238.
1318 2340 1495 2392 Ser-npetu
1510 2348 1595 2382 tuta

905 2403 988 2440 lacu
1004 2403 1114 2455 nigro
1132 2417 1382 2456 nemorumque
1405 2407 1594 2454 tenebr-is,

907 2466 1054 2505 Lucret.
1075 2479 1126 2505 11.
1150 2466 1237 2507 136.
1269 2469 1380 2507 Trita
1398 2470 1499 2508 solo.-
1525 2471 1597 2520 ju-

903 2536 971 2567 vat
1015 2532 1190 2582 integr-os
1238 2533 1410 2572 accedere
1448 2534 1597 2585 fontec-

905 2594 1012 2646 Virg.
1033 2597 1129 2636 Geo.
1147 2609 1210 2644 w,
1223 2601 1315 2638 514.
1345 2599 1542 2650 Inte-grat,
1561 2605 1598 2637 et

904 2660 1038 2698 moestis
1056 2661 1131 2698 late
1148 2662 1228 2700 loca
1248 2663 1433 2713 questibus
1454 2664 1597 2713 implet.

908 2723 994 2762 sen.
1027 2723 1141 2764 Herc.
1175 2726 1260 2765 Fur.
1279 2732 1372 2773 995.
1420 2727 1599 2766 Coeteram

901 2789 1042 2838 prolem
1053 2803 1190 2838 eruam,
1210 2792 1411 2843 Omnesque
1421 2793 1596 2837 latebras.

888 2899 890 2902 .
907 2866 974 2905 que
992 2855 1130 2895 omittit
1148 2856 1237 2897 MS..
1258 2857 1287 2895 F
1289 2857 1498 2895 lorentinus.

411 607 601 657 Vct-alis
618 607 784 657 brevis
806 615 927 656 ante
951 608 1080 657 duas
1109 614 1433 656 consonantes
1458 606 1593 671 posi·
1635 637 1642 641 -

1629 1777 1689 1828 91
