<?xml version="1.0" encoding="UTF-8"?>
<!DOCTYPE html PUBLIC "-//W3C//DTD XHTML 1.0 Transitional//EN"
    "http://www.w3.org/TR/xhtml1/DTD/xhtml1-transitional.dtd">
<html xmlns="http://www.w3.org/1999/xhtml" xml:lang="en" lang="en">
 <head>
  <title>
</title>
<meta http-equiv="Content-Type" content="text/html;charset=utf-8" />
  <meta name='ocr-system' content='tesseract 3.04.00' />
  <meta name='ocr-capabilities' content='ocr_page ocr_carea ocr_par ocr_line ocrx_word'/>
</head>
<body>
  <div class='ocr_page' id='page_1' title='image "./miscellaneacriti00daweuoft_0333.png"; bbox 0 0 1864 3132; ppageno 0'>
   <div class='ocr_carea' id='block_1_1' title="bbox 816 254 919 305">
    <p class='ocr_par' dir='ltr' id='par_1_1' title="bbox 816 254 919 305">
     <span class='ocr_line' id='line_1_1' title="bbox 816 254 919 305; baseline 0.019 -2"><span class='ocrx_word' id='word_1_1' title='bbox 816 254 919 305; x_wconf 66' lang='lat'><strong>261</strong></span> 
     </span>
    </p>
   </div>
   <div class='ocr_carea' id='block_1_2' title="bbox 140 360 1586 1045">
    <p class='ocr_par' dir='ltr' id='par_1_2' title="bbox 140 360 1586 1045">
     <span class='ocr_line' id='line_1_2' title="bbox 143 360 1580 427; baseline -0.002 -16"><span class='ocrx_word' id='word_1_2' title='bbox 143 368 176 387; x_wconf 86' lang='lat'><em>“</em></span> <span class='ocrx_word' id='word_1_3' title='bbox 198 362 655 412; x_wconf 64' lang='lat' dir='ltr'><strong>nunciatum‘fuerit</strong></span> <span class='ocrx_word' id='word_1_4' title='bbox 677 383 909 411; x_wconf 68' lang='lat' dir='ltr'><strong>ewavaooe</strong></span> <span class='ocrx_word' id='word_1_5' title='bbox 929 382 939 413; x_wconf 91' lang='lat'>:</span> <span class='ocrx_word' id='word_1_6' title='bbox 989 362 1198 427; x_wconf 82' lang='lat' dir='ltr'><strong>ideoque</strong></span> <span class='ocrx_word' id='word_1_7' title='bbox 1231 360 1386 424; x_wconf 87' lang='lat' dir='ltr'><strong>(quod</strong></span> <span class='ocrx_word' id='word_1_8' title='bbox 1411 365 1580 409; x_wconf 84' lang='lat' dir='ltr'><strong>notatu</strong></span> 
     </span>
     <span class='ocr_line' id='line_1_3' title="bbox 144 436 1582 503; baseline -0.001 -18"><span class='ocrx_word' id='word_1_9' title='bbox 144 442 176 460; x_wconf 86' lang='lat'><em>“</em></span> <span class='ocrx_word' id='word_1_10' title='bbox 199 438 543 503; x_wconf 81' lang='lat' dir='ltr'><strong>dignissimum·</strong></span> <span class='ocrx_word' id='word_1_11' title='bbox 573 439 670 500; x_wconf 88' lang='lat' dir='ltr'><strong>est)</strong></span> <span class='ocrx_word' id='word_1_12' title='bbox 705 438 996 486; x_wconf 87' lang='lat' dir='ltr'><strong>versiculum</strong></span> <span class='ocrx_word' id='word_1_13' title='bbox 1029 454 1060 484; x_wconf 90' lang='lat' dir='ltr'><strong>a</strong></span> <span class='ocrx_word' id='word_1_14' title='bbox 1098 452 1220 485; x_wconf 89' lang='lat' dir='ltr'><strong>voce</strong></span> <span class='ocrx_word' id='word_1_15' title='bbox 1252 443 1455 495; x_wconf 69' lang='grc' dir='ltr'><strong>ηνασσες,</strong></span> <span class='ocrx_word' id='word_1_16' title='bbox 1503 436 1582 485; x_wconf 74' lang='lat' dir='ltr'><strong>vel</strong></span> 
     </span>
     <span class='ocr_line' id='line_1_4' title="bbox 144 513 1581 577; baseline -0.003 -11"><span class='ocrx_word' id='word_1_17' title='bbox 144 522 176 540; x_wconf 72' lang='lat'><strong>‘⁴⁷</strong></span> <span class='ocrx_word' id='word_1_18' title='bbox 198 539 403 574; x_wconf 84' lang='grc' dir='ltr'><em>ηνασσεν,</em></span> <span class='ocrx_word' id='word_1_19' title='bbox 439 516 516 566; x_wconf 75' lang='lat' dir='ltr'><strong>vel</strong></span> <span class='ocrx_word' id='word_1_20' title='bbox 537 529 741 574; x_wconf 84' lang='grc' dir='ltr'><strong><em>ηνὰσσον,</em></strong></span> <span class='ocrx_word' id='word_1_21' title='bbox 779 516 1059 563; x_wconf 80' lang='lat' dir='ltr'><strong>inchoatum</strong></span> <span class='ocrx_word' id='word_1_22' title='bbox 1102 516 1129 544; x_wconf 63' lang='lat'><strong>³¹*</strong></span> <span class='ocrx_word' id='word_1_23' title='bbox 1149 514 1281 577; x_wconf 84' lang='lat' dir='ltr'><strong>apud</strong></span> <span class='ocrx_word' id='word_1_24' title='bbox 1309 513 1581 562; x_wconf 80' lang='lat' dir='ltr'>Homerum</span> 
     </span>
     <span class='ocr_line' id='line_1_5' title="bbox 144 587 1582 660; baseline -0.003 -17"><span class='ocrx_word' id='word_1_25' title='bbox 144 600 177 619; x_wconf 87' lang='lat'><em>“</em></span> <span class='ocrx_word' id='word_1_26' title='bbox 201 611 437 660; x_wconf 84' lang='lat' dir='ltr'><strong>nusquam</strong></span> <span class='ocrx_word' id='word_1_27' title='bbox 460 595 724 658; x_wconf 88' lang='lat' dir='ltr'><strong>reperias.”</strong></span> <span class='ocrx_word' id='word_1_28' title='bbox 772 594 878 641; x_wconf 91' lang='lat' dir='ltr'><strong>Imo</strong></span> <span class='ocrx_word' id='word_1_29' title='bbox 895 593 1095 640; x_wconf 88' lang='lat' dir='ltr'><strong>ulterius</strong></span> <span class='ocrx_word' id='word_1_30' title='bbox 1119 587 1378 640; x_wconf 86' lang='lat' dir='ltr'><strong>observare</strong></span> <span class='ocrx_word' id='word_1_31' title='bbox 1399 590 1582 655; x_wconf 90' lang='lat' dir='ltr'><strong>potuis-</strong></span> 
     </span>
     <span class='ocr_line' id='line_1_6' title="bbox 142 673 1583 729; baseline -0.004 -7"><span class='ocrx_word' id='word_1_32' title='bbox 142 680 217 722; x_wconf 82' lang='lat' dir='ltr'><strong>set</strong></span> <span class='ocrx_word' id='word_1_33' title='bbox 244 674 320 722; x_wconf 82' lang='lat' dir='ltr'><strong>vir</strong></span> <span class='ocrx_word' id='word_1_34' title='bbox 340 673 532 722; x_wconf 77' lang='lat' dir='ltr'><strong>doctiss.</strong></span> <span class='ocrx_word' id='word_1_35' title='bbox 563 674 715 721; x_wconf 80' lang='lat' dir='ltr'><strong>verba</strong></span> <span class='ocrx_word' id='word_1_36' title='bbox 746 684 953 729; x_wconf 80' lang='grc' dir='ltr'><em>ήνασσον,</em></span> <span class='ocrx_word' id='word_1_37' title='bbox 990 691 1188 727; x_wconf 77' lang='grc' dir='ltr'><strong><em>ηνασσες,</em></strong></span> <span class='ocrx_word' id='word_1_38' title='bbox 1226 691 1428 727; x_wconf 81' lang='grc' dir='ltr'><em>ηνασσεν,</em></span> <span class='ocrx_word' id='word_1_39' title='bbox 1468 683 1583 717; x_wconf 79' lang='lat' dir='ltr'><strong>nus-</strong></span> 
     </span>
     <span class='ocr_line' id='line_1_7' title="bbox 141 747 1585 813; baseline -0.002 -17"><span class='ocrx_word' id='word_1_40' title='bbox 141 765 286 813; x_wconf 87' lang='lat' dir='ltr'><strong>quam</strong></span> <span class='ocrx_word' id='word_1_41' title='bbox 311 750 380 796; x_wconf 90' lang='lat' dir='ltr'><strong>ita</strong></span> <span class='ocrx_word' id='word_1_42' title='bbox 404 749 640 798; x_wconf 85' lang='lat' dir='ltr'><strong>collocata</strong></span> <span class='ocrx_word' id='word_1_43' title='bbox 662 748 884 813; x_wconf 86' lang='lat' dir='ltr'><strong>reperiri,</strong></span> <span class='ocrx_word' id='word_1_44' title='bbox 918 747 1037 811; x_wconf 91' lang='lat' dir='ltr'><strong>quin</strong></span> <span class='ocrx_word' id='word_1_45' title='bbox 1062 763 1230 795; x_wconf 88' lang='lat' dir='ltr'><strong>eorum</strong></span> <span class='ocrx_word' id='word_1_46' title='bbox 1250 747 1422 794; x_wconf 84' lang='lat' dir='ltr'><strong>sedem</strong></span> <span class='ocrx_word' id='word_1_47' title='bbox 1437 759 1585 794; x_wconf 72' lang='lat' dir='ltr'><strong>occu-</strong></span> 
     </span>
     <span class='ocr_line' id='line_1_8' title="bbox 140 825 1583 888; baseline -0.001 -17"><span class='ocrx_word' id='word_1_48' title='bbox 140 839 260 887; x_wconf 81' lang='lat' dir='ltr'><strong>pare</strong></span> <span class='ocrx_word' id='word_1_49' title='bbox 299 825 490 888; x_wconf 73' lang='lat' dir='ltr'><strong>possint</strong></span> <span class='ocrx_word' id='word_1_50' title='bbox 521 845 790 884; x_wconf 58' lang='lat' dir='ltr'><strong>mayaco-ov,</strong></span> <span class='ocrx_word' id='word_1_51' title='bbox 829 846 1094 881; x_wconf 66' lang='grc' dir='ltr'><strong><em>εννανασσες,</em></strong></span> <span class='ocrx_word' id='word_1_52' title='bbox 1132 837 1415 872; x_wconf 64' lang='lat' dir='ltr'><strong>swano-sev:</strong></span> <span class='ocrx_word' id='word_1_53' title='bbox 1471 838 1583 870; x_wconf 85' lang='lat' dir='ltr'><strong>cum</strong></span> 
     </span>
     <span class='ocr_line' id='line_1_9' title="bbox 142 901 1583 952; baseline -0.002 -2"><span class='ocrx_word' id='word_1_54' title='bbox 142 909 307 950; x_wconf 89' lang='lat' dir='ltr'><strong>tamen</strong></span> <span class='ocrx_word' id='word_1_55' title='bbox 330 903 659 952; x_wconf 77' lang='lat' dir='ltr'><strong>certissimum</strong></span> <span class='ocrx_word' id='word_1_56' title='bbox 676 904 931 952; x_wconf 76' lang='lat' dir='ltr'><strong>sit-versus</strong></span> <span class='ocrx_word' id='word_1_57' title='bbox 962 901 1146 950; x_wconf 84' lang='lat' dir='ltr'><strong>heroici</strong></span> <span class='ocrx_word' id='word_1_58' title='bbox 1176 911 1282 948; x_wconf 85' lang='lat' dir='ltr'><strong>eam</strong></span> <span class='ocrx_word' id='word_1_59' title='bbox 1309 904 1414 948; x_wconf 86' lang='lat' dir='ltr'><strong>esse</strong></span> <span class='ocrx_word' id='word_1_60' title='bbox 1438 902 1583 948; x_wconf 89' lang='lat' dir='ltr'><strong>ratio-</strong></span> 
     </span>
     <span class='ocr_line' id='line_1_10' title="bbox 143 979 1586 1045; baseline -0.001 -18"><span class='ocrx_word' id='word_1_61' title='bbox 143 996 272 1037; x_wconf 88' lang='lat' dir='ltr'><strong>nem,</strong></span> <span class='ocrx_word' id='word_1_62' title='bbox 309 987 363 1028; x_wconf 91' lang='lat' dir='ltr'><strong>ut</strong></span> <span class='ocrx_word' id='word_1_63' title='bbox 387 988 600 1044; x_wconf 88' lang='lat' dir='ltr'><strong>quatuor</strong></span> <span class='ocrx_word' id='word_1_64' title='bbox 618 981 812 1029; x_wconf 84' lang='lat' dir='ltr'><strong>inlocis</strong></span> <span class='ocrx_word' id='word_1_65' title='bbox 833 987 1014 1045; x_wconf 88' lang='lat' dir='ltr'><strong>praeter</strong></span> <span class='ocrx_word' id='word_1_66' title='bbox 1035 979 1243 1036; x_wconf 86' lang='lat' dir='ltr'><strong>initium,</strong></span> <span class='ocrx_word' id='word_1_67' title='bbox 1275 994 1450 1041; x_wconf 86' lang='lat' dir='ltr'><strong>nempe</strong></span> <span class='ocrx_word' id='word_1_68' title='bbox 1473 985 1586 1042; x_wconf 88' lang='lat' dir='ltr'><strong>post</strong></span> 
     </span>
    </p>
   </div>
   <div class='ocr_carea' id='block_1_3' title="bbox 139 1055 1590 1121">
    <p class='ocr_par' dir='ltr' id='par_1_3' title="bbox 139 1055 1590 1121">
     <span class='ocr_line' id='line_1_11' title="bbox 139 1055 1590 1121; baseline -0.001 -18"><span class='ocrx_word' id='word_1_69' title='bbox 139 1056 387 1104; x_wconf 87' lang='lat' dir='ltr'><strong>absolutos</strong></span> <span class='ocrx_word' id='word_1_70' title='bbox 410 1057 558 1120; x_wconf 79' lang='lat' dir='ltr'><strong>pedes</strong></span> <span class='ocrx_word' id='word_1_71' title='bbox 575 1058 798 1121; x_wconf 82' lang='lat' dir='ltr'><strong>primum,</strong></span> <span class='ocrx_word' id='word_1_72' title='bbox 822 1057 1103 1114; x_wconf 87' lang='lat' dir='ltr'><strong>secundum,</strong></span> <span class='ocrx_word' id='word_1_73' title='bbox 1129 1055 1342 1111; x_wconf 83' lang='lat' dir='ltr'><strong>tertium,</strong></span> <span class='ocrx_word' id='word_1_74' title='bbox 1368 1061 1421 1102; x_wconf 85' lang='lat' dir='ltr'><strong>et</strong></span> <span class='ocrx_word' id='word_1_75' title='bbox 1440 1068 1590 1118; x_wconf 83' lang='lat' dir='ltr'><strong>quar--</strong></span> 
     </span>
    </p>
   </div>
   <div class='ocr_carea' id='block_1_4' title="bbox 139 1129 1585 1269">
    <p class='ocr_par' dir='ltr' id='par_1_4' title="bbox 139 1129 1585 1269">
     <span class='ocr_line' id='line_1_12' title="bbox 139 1129 1585 1200; baseline 0.003 -21"><span class='ocrx_word' id='word_1_76' title='bbox 139 1138 243 1180; x_wconf 89' lang='lat' dir='ltr'><strong>tum</strong></span> <span class='ocrx_word' id='word_1_77' title='bbox 278 1155 490 1193; x_wconf 70' lang='lat' dir='ltr'><strong>maon-ov,</strong></span> <span class='ocrx_word' id='word_1_78' title='bbox 536 1129 628 1182; x_wconf 64' lang='lat' dir='ltr'><strong>&amp;a</strong></span> <span class='ocrx_word' id='word_1_79' title='bbox 675 1135 894 1199; x_wconf 89' lang='lat' dir='ltr'><strong>recipiat,</strong></span> <span class='ocrx_word' id='word_1_80' title='bbox 941 1151 1004 1183; x_wconf 87' lang='lat' dir='ltr'><strong>ex</strong></span> <span class='ocrx_word' id='word_1_81' title='bbox 1044 1133 1220 1200; x_wconf 88' lang='lat' dir='ltr'><strong>quibus</strong></span> <span class='ocrx_word' id='word_1_82' title='bbox 1260 1140 1438 1182; x_wconf 61' lang='lat' dir='ltr'><strong>tamen&gt;</strong></span> <span class='ocrx_word' id='word_1_83' title='bbox 1471 1144 1585 1183; x_wconf 75' lang='lat' dir='ltr'><strong>ewa&#39;·</strong></span> 
     </span>
     <span class='ocr_line' id='line_1_13' title="bbox 142 1204 755 1269; baseline 0.005 -12"><span class='ocrx_word' id='word_1_84' title='bbox 142 1232 319 1269; x_wconf 82' lang='grc' dir='ltr'><strong><em>νασσον,</em></strong></span> <span class='ocrx_word' id='word_1_85' title='bbox 351 1216 450 1261; x_wconf 62' lang='lat' dir='ltr'><strong>&amp;a</strong></span> <span class='ocrx_word' id='word_1_86' title='bbox 480 1212 724 1260; x_wconf 67' lang='lat' dir='ltr'><strong>excliIdat.</strong></span> <span class='ocrx_word' id='word_1_87' title='bbox 753 1204 755 1206; x_wconf 17' lang='grc' dir='ltr'><strong><em>ι</em></strong></span> 
     </span>
    </p>
   </div>
   <div class='ocr_carea' id='block_1_5' title="bbox 73 1298 1589 2901">
    <p class='ocr_par' dir='ltr' id='par_1_5' title="bbox 73 1298 1589 2901">
     <span class='ocr_line' id='line_1_14' title="bbox 230 1298 1584 1351; baseline 0.002 -4"><span class='ocrx_word' id='word_1_88' title='bbox 230 1298 402 1348; x_wconf 67' lang='lat' dir='ltr'><strong>Fruar.</strong></span> <span class='ocrx_word' id='word_1_89' title='bbox 446 1305 579 1349; x_wconf 88' lang='lat' dir='ltr'><strong>nunc</strong></span> <span class='ocrx_word' id='word_1_90' title='bbox 623 1303 838 1350; x_wconf 88' lang='lat' dir='ltr'><strong>secundo</strong></span> <span class='ocrx_word' id='word_1_91' title='bbox 883 1319 1051 1351; x_wconf 87' lang='lat' dir='ltr'><strong>vocem</strong></span> <span class='ocrx_word' id='word_1_92' title='bbox 1091 1318 1122 1349; x_wconf 88' lang='lat' dir='ltr'><strong>a</strong></span> <span class='ocrx_word' id='word_1_93' title='bbox 1166 1308 1468 1350; x_wconf 80' lang='lat' dir='ltr'><strong>consonante</strong></span> <span class='ocrx_word' id='word_1_94' title='bbox 1509 1301 1584 1350; x_wconf 85' lang='lat' dir='ltr'><strong>in·</strong></span> 
     </span>
     <span class='ocr_line' id='line_1_15' title="bbox 142 1374 1584 1444; baseline 0.003 -23"><span class='ocrx_word' id='word_1_95' title='bbox 142 1374 324 1432; x_wconf 88' lang='lat' dir='ltr'><strong>choari,</strong></span> <span class='ocrx_word' id='word_1_96' title='bbox 358 1375 684 1440; x_wconf 70' lang='lat' dir='ltr'><strong>cujuspriina·</strong></span> <span class='ocrx_word' id='word_1_97' title='bbox 695 1374 879 1442; x_wconf 78' lang='lat' dir='ltr'><strong>syllaba</strong></span> <span class='ocrx_word' id='word_1_98' title='bbox 907 1379 969 1426; x_wconf 88' lang='lat' dir='ltr'><strong>sit</strong></span> <span class='ocrx_word' id='word_1_99' title='bbox 996 1379 1162 1444; x_wconf 84' lang='lat' dir='ltr'><strong>longa.</strong></span> <span class='ocrx_word' id='word_1_100' title='bbox 1234 1379 1456 1444; x_wconf 85' lang='lat' dir='ltr'><strong>Exigunt</strong></span> <span class='ocrx_word' id='word_1_101' title='bbox 1484 1380 1584 1427; x_wconf 82' lang='lat' dir='ltr'><strong>me&#39;-</strong></span> 
     </span>
     <span class='ocr_line' id='line_1_16' title="bbox 142 1451 1585 1520; baseline 0.003 -22"><span class='ocrx_word' id='word_1_102' title='bbox 142 1451 206 1498; x_wconf 91' lang='lat' dir='ltr'><strong>tri</strong></span> <span class='ocrx_word' id='word_1_103' title='bbox 239 1451 423 1499; x_wconf 83' lang='lat' dir='ltr'>heroici</span> <span class='ocrx_word' id='word_1_104' title='bbox 455 1452 606 1517; x_wconf 77' lang='lat' dir='ltr'><strong>leges,</strong></span> <span class='ocrx_word' id='word_1_105' title='bbox 638 1461 700 1502; x_wconf 86' lang='lat' dir='ltr'><strong>ut·</strong></span> <span class='ocrx_word' id='word_1_106' title='bbox 729 1456 885 1502; x_wconf 86' lang='lat' dir='ltr'><strong>omnis</strong></span> <span class='ocrx_word' id='word_1_107' title='bbox 917 1456 1084 1503; x_wconf 89' lang='lat' dir='ltr'><strong>itidem</strong></span> <span class='ocrx_word' id='word_1_108' title='bbox 1118 1456 1302 1520; x_wconf 81' lang='lat' dir='ltr'>syllaba</span> <span class='ocrx_word' id='word_1_109' title='bbox 1339 1462 1455 1503; x_wconf 88' lang='lat' dir='ltr'><strong>ante</strong></span> <span class='ocrx_word' id='word_1_110' title='bbox 1494 1457 1585 1504; x_wconf 88' lang='lat' dir='ltr'><strong>hu-</strong></span> 
     </span>
     <span class='ocr_line' id='line_1_17' title="bbox 134 1527 1583 1595; baseline 0.004 -21"><span class='ocrx_word' id='word_1_111' title='bbox 134 1527 351 1593; x_wconf 89' lang='lat' dir='ltr'><strong>jusmodi</strong></span> <span class='ocrx_word' id='word_1_112' title='bbox 387 1544 556 1576; x_wconf 90' lang='lat' dir='ltr'><strong>vocem</strong></span> <span class='ocrx_word' id='word_1_113' title='bbox 591 1537 814 1595; x_wconf 86' lang='lat' dir='ltr'><strong>correpta</strong></span> <span class='ocrx_word' id='word_1_114' title='bbox 852 1531 904 1578; x_wconf 91' lang='lat' dir='ltr'><strong>in</strong></span> <span class='ocrx_word' id='word_1_115' title='bbox 945 1531 1142 1579; x_wconf 89' lang='lat' dir='ltr'><strong>brevem</strong></span> <span class='ocrx_word' id='word_1_116' title='bbox 1175 1531 1390 1580; x_wconf 84' lang='lat' dir='ltr'>vocalem</span> <span class='ocrx_word' id='word_1_117' title='bbox 1424 1535 1583 1590; x_wconf 72' lang='lat' dir='ltr'><strong>exeat,</strong></span> 
     </span>
     <span class='ocr_line' id='line_1_18' title="bbox 144 1607 1585 1673; baseline 0.002 -20"><span class='ocrx_word' id='word_1_118' title='bbox 144 1607 366 1669; x_wconf 85' lang='lat' dir='ltr'><strong>adeoque</strong></span> <span class='ocrx_word' id='word_1_119' title='bbox 400 1613 455 1654; x_wconf 87' lang='lat' dir='ltr'><strong>ut</strong></span> <span class='ocrx_word' id='word_1_120' title='bbox 486 1613 601 1654; x_wconf 87' lang='lat' dir='ltr'><strong>ante</strong></span> <span class='ocrx_word' id='word_1_121' title='bbox 635 1609 842 1655; x_wconf 81' lang='lat' dir='ltr'><strong>eandem</strong></span> <span class='ocrx_word' id='word_1_122' title='bbox 876 1609 1177 1672; x_wconf 84' lang='lat' dir='ltr'><strong>producatur</strong></span> <span class='ocrx_word' id='word_1_123' title='bbox 1208 1608 1366 1656; x_wconf 80' lang='lat' dir='ltr'><strong>omnis</strong></span> <span class='ocrx_word' id='word_1_124' title='bbox 1401 1608 1585 1673; x_wconf 83' lang='lat' dir='ltr'>syllaba</span> 
     </span>
     <span class='ocr_line' id='line_1_19' title="bbox 141 1682 1589 1750; baseline 0.003 -20"><span class='ocrx_word' id='word_1_125' title='bbox 141 1682 194 1730; x_wconf 89' lang='lat' dir='ltr'><strong>in</strong></span> <span class='ocrx_word' id='word_1_126' title='bbox 234 1690 597 1731; x_wconf 81' lang='lat' dir='ltr'><strong>consonantem·</strong></span> <span class='ocrx_word' id='word_1_127' title='bbox 630 1685 816 1743; x_wconf 86' lang='lat' dir='ltr'><strong>exiens,·</strong></span> <span class='ocrx_word' id='word_1_128' title='bbox 864 1701 974 1748; x_wconf 86' lang='lat' dir='ltr'><strong>quae</strong></span> <span class='ocrx_word' id='word_1_129' title='bbox 1021 1692 1257 1750; x_wconf 88' lang='lat' dir='ltr'><strong>sequente</strong></span> <span class='ocrx_word' id='word_1_130' title='bbox 1305 1685 1458 1734; x_wconf 89' lang='lat' dir='ltr'><strong>vocali</strong></span> <span class='ocrx_word' id='word_1_131' title='bbox 1505 1702 1589 1734; x_wconf 89' lang='lat' dir='ltr'><strong>ne-</strong></span> 
     </span>
     <span class='ocr_line' id='line_1_20' title="bbox 145 1760 1588 1828; baseline 0.001 -21"><span class='ocrx_word' id='word_1_132' title='bbox 145 1760 356 1807; x_wconf 87' lang='lat' dir='ltr'><strong>cessario</strong></span> <span class='ocrx_word' id='word_1_133' title='bbox 392 1760 734 1825; x_wconf 82' lang='lat' dir='ltr'><strong>corriperetur.</strong></span> <span class='ocrx_word' id='word_1_134' title='bbox 796 1761 1090 1828; x_wconf 86' lang='lat' dir='ltr'><strong>Hujusmodi</strong></span> <span class='ocrx_word' id='word_1_135' title='bbox 1125 1768 1238 1809; x_wconf 90' lang='lat' dir='ltr'><strong>sunt</strong></span> <span class='ocrx_word' id='word_1_136' title='bbox 1269 1762 1405 1817; x_wconf 61' lang='lat' dir='ltr'><strong>oio-im</strong></span> <span class='ocrx_word' id='word_1_137' title='bbox 1437 1763 1588 1820; x_wconf 60' lang='grc' dir='ltr'><strong>ἕνη-ἑὼ,ι</strong></span> 
     </span>
     <span class='ocr_line' id='line_1_21' title="bbox 144 1836 1589 1903; baseline 0 -18"><span class='ocrx_word' id='word_1_138' title='bbox 144 1838 296 1902; x_wconf 67' lang='grc' dir='ltr'><em>ἔργον,</em></span> <span class='ocrx_word' id='word_1_139' title='bbox 327 1841 449 1895; x_wconf 57' lang='lat' dir='ltr'><strong>imos,</strong></span> <span class='ocrx_word' id='word_1_140' title='bbox 481 1841 574 1903; x_wconf 76' lang='grc' dir='ltr'><strong><em>ἔρις,</em></strong></span> <span class='ocrx_word' id='word_1_141' title='bbox 605 1842 713 1896; x_wconf 75' lang='grc' dir='ltr'><em>ἶσος,</em></span> <span class='ocrx_word' id='word_1_142' title='bbox 737 1836 848 1896; x_wconf 74' lang='grc' dir='ltr'>οἰδα,</span> <span class='ocrx_word' id='word_1_143' title='bbox 878 1843 1002 1897; x_wconf 76' lang='grc' dir='ltr'><strong><em>οἶκος,</em></strong></span> <span class='ocrx_word' id='word_1_144' title='bbox 1033 1843 1154 1898; x_wconf 77' lang='grc' dir='ltr'><em>οἶνος,</em></span> <span class='ocrx_word' id='word_1_145' title='bbox 1190 1844 1286 1888; x_wconf 74' lang='lat' dir='ltr'><strong>&amp;c.</strong></span> <span class='ocrx_word' id='word_1_146' title='bbox 1356 1837 1589 1902; x_wconf 64' lang='lat' dir='ltr'><strong>Similiter</strong></span> 
     </span>
     <span class='ocr_line' id='line_1_22' title="bbox 143 1913 1588 1980; baseline 0 -19"><span class='ocrx_word' id='word_1_147' title='bbox 143 1929 238 1962; x_wconf 87' lang='lat' dir='ltr'><strong>vox</strong></span> <span class='ocrx_word' id='word_1_148' title='bbox 272 1913 506 1977; x_wconf 82' lang='lat' dir='ltr'><strong>quaelibet</strong></span> <span class='ocrx_word' id='word_1_149' title='bbox 539 1931 571 1962; x_wconf 89' lang='lat' dir='ltr'><strong>a</strong></span> <span class='ocrx_word' id='word_1_150' title='bbox 604 1922 905 1964; x_wconf 84' lang='lat' dir='ltr'><strong>consonante</strong></span> <span class='ocrx_word' id='word_1_151' title='bbox 940 1916 1197 1980; x_wconf 83' lang='lat' dir='ltr'><strong>incipiens,</strong></span> <span class='ocrx_word' id='word_1_152' title='bbox 1238 1931 1349 1979; x_wconf 85' lang='lat' dir='ltr'><strong>quae</strong></span> <span class='ocrx_word' id='word_1_153' title='bbox 1382 1915 1588 1978; x_wconf 82' lang='lat' dir='ltr'><strong>primam</strong></span> 
     </span>
     <span class='ocr_line' id='line_1_23' title="bbox 143 1992 1589 2056; baseline -0.001 -17"><span class='ocrx_word' id='word_1_154' title='bbox 143 1998 193 2039; x_wconf 89' lang='lat' dir='ltr'><strong>et</strong></span> <span class='ocrx_word' id='word_1_155' title='bbox 232 1992 509 2040; x_wconf 84' lang='lat' dir='ltr'><strong>secundam·</strong></span> <span class='ocrx_word' id='word_1_156' title='bbox 533 1993 733 2042; x_wconf 88' lang='lat' dir='ltr'><strong>brevem</strong></span> <span class='ocrx_word' id='word_1_157' title='bbox 774 1994 968 2051; x_wconf 88' lang='lat' dir='ltr'><strong>habeat,</strong></span> <span class='ocrx_word' id='word_1_158' title='bbox 1015 2009 1207 2041; x_wconf 89' lang='lat' dir='ltr'><strong>omnem</strong></span> <span class='ocrx_word' id='word_1_159' title='bbox 1248 1999 1364 2040; x_wconf 88' lang='lat' dir='ltr'><strong>ante</strong></span> <span class='ocrx_word' id='word_1_160' title='bbox 1404 2007 1456 2039; x_wconf 82' lang='lat' dir='ltr'><strong>se</strong></span> <span class='ocrx_word' id='word_1_161' title='bbox 1495 1992 1589 2056; x_wconf 83' lang='lat' dir='ltr'><strong>s&#39;yl-</strong></span> 
     </span>
     <span class='ocr_line' id='line_1_24' title="bbox 145 2069 1586 2134; baseline 0 -18"><span class='ocrx_word' id='word_1_162' title='bbox 145 2069 303 2117; x_wconf 83' lang='lat' dir='ltr'><strong>labam</strong></span> <span class='ocrx_word' id='word_1_163' title='bbox 346 2071 589 2133; x_wconf 75' lang='lat' dir='ltr'><strong>producit,</strong></span> <span class='ocrx_word' id='word_1_164' title='bbox 630 2086 747 2134; x_wconf 83' lang='lat' dir='ltr'><strong>quae-</strong></span> <span class='ocrx_word' id='word_1_165' title='bbox 781 2077 1018 2134; x_wconf 86' lang='lat' dir='ltr'><strong>sequente</strong></span> <span class='ocrx_word' id='word_1_166' title='bbox 1052 2070 1206 2118; x_wconf 89' lang='lat' dir='ltr'><strong>vocali</strong></span> <span class='ocrx_word' id='word_1_167' title='bbox 1240 2070 1443 2134; x_wconf 89' lang='lat' dir='ltr'><strong>produci</strong></span> <span class='ocrx_word' id='word_1_168' title='bbox 1489 2074 1586 2117; x_wconf 88' lang='lat' dir='ltr'><strong>non</strong></span> 
     </span>
     <span class='ocr_line' id='line_1_25' title="bbox 145 2148 1588 2215; baseline 0.001 -21"><span class='ocrx_word' id='word_1_169' title='bbox 145 2155 323 2210; x_wconf 89' lang='lat' dir='ltr'><strong>posset.</strong></span> <span class='ocrx_word' id='word_1_170' title='bbox 393 2148 502 2196; x_wconf 85' lang='lat' dir='ltr'><strong>Hac</strong></span> <span class='ocrx_word' id='word_1_171' title='bbox 541 2151 760 2215; x_wconf 85' lang='lat' dir='ltr'><strong>gaudent</strong></span> <span class='ocrx_word' id='word_1_172' title='bbox 799 2150 1114 2213; x_wconf 77' lang='lat' dir='ltr'><strong>proprietate.</strong></span> <span class='ocrx_word' id='word_1_173' title='bbox 1139 2151 1244 2201; x_wconf 72' lang='grc' dir='ltr'>ἔπος</span> <span class='ocrx_word' id='word_1_174' title='bbox 1278 2151 1422 2207; x_wconf 58' lang='grc' dir='ltr'><em>ἔπος,</em></span> <span class='ocrx_word' id='word_1_175' title='bbox 1464 2150 1588 2213; x_wconf 78' lang='grc' dir='ltr'><strong><em>ἑρυω,</em></strong></span> 
     </span>
     <span class='ocr_line' id='line_1_26' title="bbox 145 2224 1588 2291; baseline 0.002 -20"><span class='ocrx_word' id='word_1_176' title='bbox 145 2224 266 2289; x_wconf 76' lang='grc' dir='ltr'><strong><em>ἰάχη,</em></strong></span> <span class='ocrx_word' id='word_1_177' title='bbox 311 2229 488 2284; x_wconf 40' lang='grc' dir='ltr'><strong>ἷκε-λος»</strong></span> <span class='ocrx_word' id='word_1_178' title='bbox 515 2225 611 2274; x_wconf 63' lang='lat' dir='ltr'><strong>&amp;a</strong></span> <span class='ocrx_word' id='word_1_179' title='bbox 683 2228 809 2275; x_wconf 89' lang='lat' dir='ltr'><strong>Cum</strong></span> <span class='ocrx_word' id='word_1_180' title='bbox 848 2236 1010 2276; x_wconf 92' lang='lat' dir='ltr'><strong>autem</strong></span> <span class='ocrx_word' id='word_1_181' title='bbox 1054 2228 1104 2275; x_wconf 92' lang='lat' dir='ltr'><strong>in</strong></span> <span class='ocrx_word' id='word_1_182' title='bbox 1146 2228 1384 2291; x_wconf 88' lang='lat' dir='ltr'><strong>superiori</strong></span> <span class='ocrx_word' id='word_1_183' title='bbox 1428 2228 1588 2275; x_wconf 89' lang='lat' dir='ltr'><strong>indice</strong></span> 
     </span>
     <span class='ocr_line' id='line_1_27' title="bbox 143 2300 1585 2367; baseline 0.001 -20"><span class='ocrx_word' id='word_1_184' title='bbox 143 2300 339 2348; x_wconf 87' lang='lat' dir='ltr'><strong>abunde</strong></span> <span class='ocrx_word' id='word_1_185' title='bbox 384 2303 789 2366; x_wconf 51' lang='lat' dir='ltr'><strong>congesserimus*</strong></span> <span class='ocrx_word' id='word_1_186' title='bbox 818 2304 1041 2367; x_wconf 86' lang='lat' dir='ltr'><strong>exempla</strong></span> <span class='ocrx_word' id='word_1_187' title='bbox 1083 2303 1303 2356; x_wconf 81' lang='lat' dir='ltr'><strong>brevium</strong></span> <span class='ocrx_word' id='word_1_188' title='bbox 1348 2302 1585 2351; x_wconf 88' lang='lat' dir='ltr'><strong>vocalium</strong></span> 
     </span>
     <span class='ocr_line' id='line_1_28' title="bbox 145 2377 1584 2443; baseline 0.001 -19"><span class='ocrx_word' id='word_1_189' title='bbox 145 2383 260 2424; x_wconf 89' lang='lat' dir='ltr'><strong>ante</strong></span> <span class='ocrx_word' id='word_1_190' title='bbox 295 2377 466 2425; x_wconf 72' lang='lat' dir='ltr'><strong>verba·</strong></span> <span class='ocrx_word' id='word_1_191' title='bbox 482 2377 658 2439; x_wconf 70' lang='lat' dir='ltr'><strong>(liceat</strong></span> <span class='ocrx_word' id='word_1_192' title='bbox 674 2379 751 2425; x_wconf 91' lang='lat' dir='ltr'><strong>ita·</strong></span> <span class='ocrx_word' id='word_1_193' title='bbox 774 2379 931 2443; x_wconf 90' lang='lat' dir='ltr'><strong>loqui)</strong></span> <span class='ocrx_word' id='word_1_194' title='bbox 967 2381 1158 2427; x_wconf 90' lang='lat' dir='ltr'><strong>Vauata</strong></span> <span class='ocrx_word' id='word_1_195' title='bbox 1190 2397 1302 2427; x_wconf 65' lang='lat' dir='ltr'><strong>nonv</strong></span> <span class='ocrx_word' id='word_1_196' title='bbox 1325 2380 1549 2427; x_wconf 86' lang='lat' dir='ltr'><strong>elisarum</strong></span> <span class='ocrx_word' id='word_1_197' title='bbox 1571 2398 1584 2435; x_wconf 82' lang='lat'>3</span> 
     </span>
     <span class='ocr_line' id='line_1_29' title="bbox 146 2454 1584 2521; baseline 0.001 -19"><span class='ocrx_word' id='word_1_198' title='bbox 146 2471 207 2503; x_wconf 90' lang='lat' dir='ltr'><strong>ne</strong></span> <span class='ocrx_word' id='word_1_199' title='bbox 231 2455 376 2503; x_wconf 86' lang='lat' dir='ltr'><strong>taedio</strong></span> <span class='ocrx_word' id='word_1_200' title='bbox 404 2454 575 2503; x_wconf 81' lang='lat' dir='ltr'><strong>lectori</strong></span> <span class='ocrx_word' id='word_1_201' title='bbox 605 2455 781 2514; x_wconf 64' lang='lat' dir='ltr'><strong>simus}¹</strong></span> <span class='ocrx_word' id='word_1_202' title='bbox 806 2473 837 2504; x_wconf 91' lang='lat' dir='ltr'><strong>a</strong></span> <span class='ocrx_word' id='word_1_203' title='bbox 858 2458 1094 2505; x_wconf 84' lang='lat' dir='ltr'><strong>similibus</strong></span> <span class='ocrx_word' id='word_1_204' title='bbox 1123 2457 1356 2521; x_wconf 86' lang='lat' dir='ltr'><strong>exemplis</strong></span> <span class='ocrx_word' id='word_1_205' title='bbox 1380 2465 1584 2520; x_wconf 87' lang='lat' dir='ltr'><strong>quorum</strong></span> 
     </span>
     <span class='ocr_line' id='line_1_30' title="bbox 146 2531 1586 2599; baseline 0.003 -22"><span class='ocrx_word' id='word_1_206' title='bbox 146 2537 260 2578; x_wconf 87' lang='lat' dir='ltr'><strong>ante</strong></span> <span class='ocrx_word' id='word_1_207' title='bbox 297 2531 430 2588; x_wconf 81' lang='grc' dir='ltr'>ἁστυ,</span> <span class='ocrx_word' id='word_1_208' title='bbox 475 2531 626 2588; x_wconf 76' lang='grc' dir='ltr'>ἑῑπειν,</span> <span class='ocrx_word' id='word_1_209' title='bbox 666 2532 817 2595; x_wconf 69' lang='grc' dir='ltr'><em>ἔργον,</em></span> <span class='ocrx_word' id='word_1_210' title='bbox 857 2534 951 2581; x_wconf 61' lang='grc' dir='ltr'><strong>ξπ.</strong></span> <span class='ocrx_word' id='word_1_211' title='bbox 992 2534 1154 2597; x_wconf 90' lang='lat' dir='ltr'><strong>ampla</strong></span> <span class='ocrx_word' id='word_1_212' title='bbox 1189 2550 1330 2599; x_wconf 82' lang='lat' dir='ltr'><strong>seges</strong></span> <span class='ocrx_word' id='word_1_213' title='bbox 1362 2535 1586 2590; x_wconf 86' lang='lat' dir='ltr'><strong>habetur,</strong></span> 
     </span>
     <span class='ocr_line' id='line_1_31' title="bbox 149 2606 1589 2674; baseline 0.001 -22"><span class='ocrx_word' id='word_1_214' title='bbox 149 2606 275 2653; x_wconf 78' lang='lat' dir='ltr'><strong>*hic</strong></span> <span class='ocrx_word' id='word_1_215' title='bbox 316 2623 405 2654; x_wconf 91' lang='lat' dir='ltr'><strong>nos</strong></span> <span class='ocrx_word' id='word_1_216' title='bbox 445 2607 795 2655; x_wconf 87' lang='lat' dir='ltr'><strong>abstinebimus</strong></span> <span class='ocrx_word' id='word_1_217' title='bbox 814 2627 828 2666; x_wconf 90' lang='lat'>;</span> <span class='ocrx_word' id='word_1_218' title='bbox 881 2609 1078 2674; x_wconf 83' lang='lat' dir='ltr'><strong>generis</strong></span> <span class='ocrx_word' id='word_1_219' title='bbox 1117 2608 1316 2656; x_wconf 88' lang='lat' dir='ltr'><strong>alterius</strong></span> <span class='ocrx_word' id='word_1_220' title='bbox 1356 2607 1589 2655; x_wconf 90' lang='lat' dir='ltr'><strong>nonnulla</strong></span> 
     </span>
     <span class='ocr_line' id='line_1_32' title="bbox 151 2682 1586 2749; baseline 0.001 -22"><span class='ocrx_word' id='word_1_221' title='bbox 151 2682 367 2728; x_wconf 90' lang='lat' dir='ltr'><strong>contenti</strong></span> <span class='ocrx_word' id='word_1_222' title='bbox 413 2682 687 2740; x_wconf 72' lang='lat' dir='ltr'><strong>adduxisse,</strong></span> <span class='ocrx_word' id='word_1_223' title='bbox 752 2683 802 2730; x_wconf 93' lang='lat' dir='ltr'><strong>in</strong></span> <span class='ocrx_word' id='word_1_224' title='bbox 851 2684 1027 2747; x_wconf 90' lang='lat' dir='ltr'><strong>quibus</strong></span> <span class='ocrx_word' id='word_1_225' title='bbox 1080 2683 1275 2749; x_wconf 81' lang='lat' dir='ltr'><strong>syllabae</strong></span> <span class='ocrx_word' id='word_1_226' title='bbox 1320 2683 1493 2730; x_wconf 88' lang='lat' dir='ltr'><strong>breves</strong></span> <span class='ocrx_word' id='word_1_227' title='bbox 1537 2682 1586 2728; x_wconf 90' lang='lat' dir='ltr'><strong>in</strong></span> 
     </span>
     <span class='ocr_line' id='line_1_33' title="bbox 147 2758 1587 2810; baseline 0.001 -6"><span class='ocrx_word' id='word_1_228' title='bbox 147 2764 497 2806; x_wconf 87' lang='lat' dir='ltr'><strong>consonantem</strong></span> <span class='ocrx_word' id='word_1_229' title='bbox 543 2765 778 2807; x_wconf 85' lang='lat' dir='ltr'><strong>exeuntes</strong></span> <span class='ocrx_word' id='word_1_230' title='bbox 823 2760 1025 2810; x_wconf 90' lang='lat' dir='ltr'><strong>istorum</strong></span> <span class='ocrx_word' id='word_1_231' title='bbox 1075 2761 1335 2810; x_wconf 88' lang='lat' dir='ltr'><strong>verborum</strong></span> <span class='ocrx_word' id='word_1_232' title='bbox 1392 2758 1587 2806; x_wconf 84' lang='lat' dir='ltr'><strong>familiae</strong></span> 
     </span>
     <span class='ocr_line' id='line_1_34' title="bbox 73 2832 798 2901; baseline 0.008 -21"><span class='ocrx_word' id='word_1_233' title='bbox 73 2832 75 2834; x_wconf 75' lang='grc'><strong>’</strong></span> <span class='ocrx_word' id='word_1_234' title='bbox 148 2833 302 2883; x_wconf 75' lang='lat' dir='ltr'><strong>unius·</strong></span> <span class='ocrx_word' id='word_1_235' title='bbox 320 2847 424 2900; x_wconf 83' lang='lat' dir='ltr'><strong>ope·</strong></span> <span class='ocrx_word' id='word_1_236' title='bbox 446 2837 798 2901; x_wconf 68' lang='lat' dir='ltr'><strong>producuntur.</strong></span> 
     </span>
    </p>
   </div>
   <div class='ocr_carea' id='block_1_6' title="bbox 1622 514 1713 555">
    <p class='ocr_par' dir='ltr' id='par_1_6' title="bbox 1622 514 1713 555">
     <span class='ocr_line' id='line_1_35' title="bbox 1622 514 1713 555; baseline -0.011 0"><span class='ocrx_word' id='word_1_237' title='bbox 1622 514 1713 555; x_wconf 83' lang='lat'><strong>155</strong></span> 
     </span>
    </p>
   </div>
   <div class='ocr_carea' id='block_1_7' title="bbox 1629 2606 1724 2656">
    <p class='ocr_par' dir='ltr' id='par_1_7' title="bbox 1629 2606 1724 2656">
     <span class='ocr_line' id='line_1_36' title="bbox 1629 2606 1724 2656; baseline -0.021 0"><span class='ocrx_word' id='word_1_238' title='bbox 1629 2606 1724 2656; x_wconf 85' lang='lat'><strong>156</strong></span> 
     </span>
    </p>
   </div>
  </div>
 </body>
</html>
