1864 3132
811 198 911 252 49⁷

215 310 314 361 Sed
345 317 514 375 contra
544 305 747 358 fortasse
774 321 1021 356 nonnemo
1043 305 1256 371 arripiet,
1286 305 1416 371 quod
1437 301 1569 371 apud

151 388 436 454 Sophoclem
459 394 604 445 extat,
642 386 794 435 Elect.
819 396 906 434 820
930 384 1075 446 (818).

324 483 520 529 Ξυνοικος
554 485 763 524 ΕΣΣΟΜ·
814 481 936 523 αλλα
965 470 1072 542 ‘tyde-
1105 490 1212 538 προς
1245 479 1379 539 πνλῃ.

72 601 84 608 -
153 565 334 615 Verum
356 565 423 615 ibi
446 563 775 629 reponendum
799 568 887 618 est,

512 659 730 699 ΕΣοΜΑΙ
766 648 1190 710 gvv0m09195—

212 793 302 836 195.
328 789 433 838 ἔσομ’
451 790 540 828 MS.
555 790 674 828 Hunt.
704 787 840 826 Confer

156 854 357 892 Hermann.
401 854 448 891 ad
494 853 589 891 Hec.
634 857 726 897 379.
781 852 841 888 De

157 917 439 966 transpositione
469 917 633 966 impense
659 920 843 966 nugantur

158 982 227 1019 viri
245 982 381 1033 alioqui
401 981 616 1026 doctissimi,
641 980 842 1017 Hermann.

155 1044 195 1082 in
222 1044 299 1081 PR.
331 1045 378 1082 ad
397 1044 510 1082 Herc.
530 1044 616 1081 Fur.
642 1054 767 1080 v1111.
793 1046 843 1087 et,

157 1111 235 1160 ejus
258 1109 472 1159 discipulus,
506 1108 650 1158 Reisig.
680 1109 719 1145 in
747 1106 845 1144 Con-

151 1174 242 1224 ject.
288 1186 350 1223 pp.
384 1176 643 1216 243—247.·
673 1171 734 1222 qui
778 1170 843 1216 ait,

156 1245 178 1263 ‘⁴
198 1238 293 1276 nihil
329 1251 438 1288 posse
481 1251 646 1290 unquam
689 1237 762 1275 hac
806 1248 845 1274 re

159 1302 327 1340 fallacius
345 1303 464 1340 esse.''
497 1303 643 1339 Addere
660 1302 846 1346 debuerat,

159 1365 191 1403 si
209 1365 338 1414 cuique
364 1364 458 1402 nihil
480 1377 554 1402 non
574 1364 662 1401 licet
687 1369 724 1400 et
746 1363 846 1400 libet.

165 1430 205 1468 Si
222 1428 361 1466 librarii
378 1428 510 1466 erroris
526 1424 710 1466 immunes
730 1432 847 1472 erant,

162 1505 314 1543 operam
358 1493 466 1542 plane
511 1493 744 1542 perdiderunt
778 1491 849 1529 viri

162 1558 353 1609 praeclari:
383 1558 568 1596 hodiernis
586 1557 761 1607 profecto,
781 1555 849 1594 οἷοι

165 1625 222 1662 νῦν
253 1622 398 1677 βροτοί
429 1621 556 1672 ἐσμεν,
603 1623 740 1673 aliquid
781 1622 851 1659 hu—

166 1688 328 1726 manitus
339 1688 435 1726 inter
447 1688 681 1725 scribendum
692 1687 730 1724 in
740 1687 852 1724 horas

166 1753 311 1792 accidit.
331 1755 333 1758 “
368 1753 479 1799 Quod
524 1752 555 1791 si
598 1752 745 1790 inscitia
788 1755 852 1790 aut

165 1817 397 1856 festinatione
422 1816 568 1854 levibus
597 1816 753 1854 maculis
775 1828 855 1854 sen-

166 1896 252 1922 sum
286 1882 447 1920 crebrius
479 1879 694 1928 infecerunt,
731 1880 855 1931 quidni

167 1953 290 1986 metra
298 1948 465 1984 maxime
476 1947 565 1984 trita
575 1946 727 1984 subinde
733 1947 855 1984 verbis

168 2018 304 2050 temere
321 2010 512 2049 collocatis
529 2011 742 2049 turbarent?
779 2010 858 2047 Vo-

169 2075 304 2113 cabula
319 2087 408 2112 casu
426 2074 576 2112 turbata
591 2074 629 2110 in
649 2074 752 2112 sedes
770 2086 856 2111 suas

170 2141 378 2178 revocando
403 2145 485 2177 tam
507 2145 627 2177 metro
644 2152 758 2190 quam
776 2152 859 2178 sen-

172 2204 230 2242 sui
269 2202 454 2240 medelam
491 2202 660 2240 attulisse
691 2215 858 2240 summos

173 2268 287 2315 viros,
314 2280 443 2305 omnes
460 2279 533 2304 uno
549 2280 612 2305 ore
631 2267 857 2317 praedicant:

173 2338 198 2357 “
217 2332 299 2370 illos
315 2331 415 2381 ipsos
439 2331 578 2369 utinam
604 2328 862 2380 sequeremur?

176 2398 264 2436 Non
282 2396 405 2446 placet
414 2396 504 2433 hoc:
524 2394 600 2433 alia
613 2395 678 2433 via
688 2395 864 2433 tentanda

177 2467 247 2500 est.
310 2460 503 2499 Nimirum
539 2458 784 2505 Her-mamus,
829 2466 866 2497 et

176 2522 242 2560 alii
274 2523 439 2573 ejusdem
477 2520 637 2559 sodalitii
679 2520 750 2557 viri
793 2520 868 2558 edi-

176 2586 320 2626 tionum
340 2587 546 2636 priscarum
570 2584 743 2623 lectiones
760 2597 870 2636 argu-

181 2651 381 2689 mentando
402 2651 603 2697 vindicant,
630 2654 671 2687 ut
697 2650 871 2688 emenda-

183 2713 301 2755 tiones
320 2714 520 2763 palmarias
541 2713 794 2763 repudiarent3
821 2720 872 2762 et,

188 2776 258 2815 nisi
277 2777 372 2827 quod
389 2778 461 2828 ipsi
478 2778 652 2823 feceruut,
669 2776 874 2817 nilrectum

894 793 1037 836 putant.
1081 789 1159 826 Illis
1178 795 1315 835 autem,
1334 789 1395 839 qui
1409 788 1577 826 librarios

894 853 962 890 sibi
991 853 1101 891 duces
1130 860 1236 892 caute
1260 859 1423 901 sumunt,
1452 866 1579 891 exem-

896 916 999 965 plum
1018 930 1167 966 ponam,
1194 919 1232 955 in
1260 931 1330 968 quo
1351 916 1580 956 emendando

896 979 1013 1017 critici
1036 981 1150 1019 etiam
1169 981 1347 1031 primores
1365 981 1502 1021 frustra
1519 994 1582 1021 su-

897 1043 1051 1090 darunt;
1079 1044 1186 1082 lectio
1209 1045 1364 1096 vulgata
1391 1047 1580 1086 sententiae

897 1109 1010 1147 etiam
1038 1111 1158 1160 magis
1172 1113 1300 1161 'quam
1327 1117 1446 1150 metro
1471 1112 1584 1150 refra-

899 1182 1028 1227 gatur3
1057 1176 1122 1214 sed
1149 1175 1290 1226 utrique
1308 1175 1409 1214 malo
1427 1174 1585 1213 occurrit

897 1239 1180 1289 transpositione
1191 1239 1271 1277 sola
1281 1239 1397 1277 codex
1409 1244 1587 1289 praestan-

898 1305 1090 1349 tissimus3
1145 1305 1216 1355 Eq.
1253 1303 1369 1342 1316.
1422 1303 1470 1341 Ὠ
1502 1308 1586 1343 ταῖς

900 1372 1009 1420 ἱεραῖς
1029 1366 1149 1413 νήσοις
1166 1368 1337 1420 ἐπίκουρε
1360 1366 1419 1404 καὶ
1446 1367 1587 1418 φέγγος

901 1430 939 1468 ἐν
955 1427 1125 1475 Ἀθήναις
1139 1430 1233 1467 Edd.
1247 1435 1320 1467 tres
1335 1443 1390 1479 pr.
1404 1445 1415 1475 ;
1434 1429 1489 1467 'ss
1503 1434 1588 1468 ταῖς

903 1496 1011 1546 ἱεραῖς
1031 1492 1149 1539 νήσοις
1168 1494 1339 1547 ἐπίκουρ’,
1366 1491 1396 1531 ὦ
1413 1493 1590 1549 λαμπρδν

904 1558 1043 1609 φέγγος
1086 1557 1267 1605 Ἀθήναις,
1314 1558 1375 1595 vel
1418 1559 1589 1611 ἐπίκουρε

904 1622 1028 1675 φανεὶς
1047 1623 1105 1660 καὶ
1123 1623 1262 1675 φέγγος
1280 1622 1448 1669 Ἀθήναις
1462 1637 1499 1674 p.
1510 1626 1591 1667 237

905 1687 992 1737 (Eq.
1013 1689 1131 1735 832).
1159 1690 1196 1723 et
1218 1689 1292 1730 198
1311 1687 1421 1735 (149)
1447 1690 1484 1723 et
1511 1686 1590 1724 215

903 1748 1025 1800 (456).
1060 1749 1110 1787 R.
1130 1749 1178 1787 Β.
1217 1749 1376 1803 ἐπίκουρ’
1393 1751 1505 1797 η’μιῖν,
1533 1747 1593 1787 καὶ

906 1814 1046 1867 φέγγος
1062 1813 1231 1860 Ἀθήναις
1241 1813 1440 1852 Kasterus.
1467 1813 1497 1853 ὦ
1510 1818 1595 1852 ταῖς
1606 1818 1613 1822 “

907 1882 1018 1932 ἱεραῖς
1044 1878 1215 1931 ἐπίκουρε
1242 1878 1366 1930 φανεὶς
1394 1878 1513 1924 νήσοις
1534 1876 1594 1916 καὶ

909 1943 1048 1996 φέγγος
1059 1942 1230 1989 Ἀθήναις
1237 1944 1305 1982 VA
1312 1955 1411 1982 Lex.
1423 1943 1597 1994 adHipp.

913 2013 931 2045 1
940 2012 1029 2046 122.
1057 2007 1243 2045 Voculam
1257 2007 1296 2046 ἐν
1307 2020 1380 2045 non
1393 2011 1597 2058 agnoscunt

913 2070 1067 2108 Codices
1102 2073 1154 2118 A,
1191 2071 1237 2118 C,
1278 2070 1471 2109 Brunclcii.
1524 2071 1596 2110 Sed

911 2136 1099 2182 correctio,
1119 2175 1121 2177 ,
1144 2148 1258 2186 quam
1295 2135 1482 2174 Brunckio
1515 2149 1600 2186 pro-

911 2200 1016 2237 bavit
1037 2198 1074 2237 V
1070 2199 1316 2247 alckenaerius,
1340 2213 1413 2238 non
1431 2200 1538 2239 aliter
1554 2213 1599 2238 ac

913 2265 1079 2316 vulgata,
1116 2265 1169 2301 bis
1202 2265 1369 2303 mendosa
1403 2270 1473 2313 est,
1507 2265 1603 2316 quod

915 2329 986 2367 τοῖς
1004 2327 1133 2374 νήσους
1150 2329 1335 2378 praeponit
1351 2331 1536 2377 Ἀθήναις,
1564 2335 1602 2368 et

916 2394 1011 2444 quod
1027 2393 1211 2442 epitheton
1237 2393 1292 2432 Itis
1314 2395 1507 2444 proprium
1528 2395 1603 2433 illis

919 2457 1051 2496 tribuit
1067 2450 1155 2507 [Eq.
1179 2462 1293 2502 1037.
1319 2461 1430 2511 ἱεραῖς
1447 2459 1486 2497 ἐν
1504 2458 1605 2504 Αθή-

921 2524 1034 2575 ναις];
1077 2520 1192 2573 Lege,
1223 2527 1266 2559 ἰιι
1278 2522 1370 2574 fere
1396 2523 1606 2570 Ravennae,

922 2585 952 2623 ὦ
983 2590 1065 2623 ταῖς
1097 2587 1205 2638 ἱεραῖς
1240 2585 1380 2638 φέγγος
1411 2586 1464 2636 [τ’
1492 2585 1609 2636 Rav.]

922 2648 1091 2694 Ἀθήναις
1107 2647 1168 2685 καὶ
1185 2654 1267 2687 ταῖς
1286 2652 1406 2696 νήσοις
1424 2649 1608 2702 ἐπίκουρε.

925 2713 1158 2752 Ponsonus
1175 2714 1274 2764 apud
1292 2714 1339 2751 P.
1347 2714 1393 2751 P.
1402 2712 1456 2750 D.
1484 2713 1612 2765 Posito

926 2777 1037 2828 igitur
1080 2778 1220 2818 scribas
1265 2791 1338 2818 non
1383 2790 1463 2817 esse
1500 2767 1612 2818 ‘extra
