1864 3132
300 303 444 343 humum
455 304 622 351 moriens,
634 304 808 341 scelerato
819 301 996 353 sanguine

301 370 485 416 tinctum;
525 368 620 407 conf.
653 366 807 405 Heroid.
835 378 897 414 1v,
931 370 995 410 72.

302 434 410 473 Pont.
431 447 492 481 1v,
510 435 560 480 vi,
579 436 643 470 34.
673 431 760 470 Ibis.
779 435 871 476 370.
907 431 996 469 Pro-

302 507 394 550 pert.
415 512 476 546 1v‚
494 498 557 546 vii,
577 502 636 535 10.
669 497 754 535 Sen.
770 497 886 547 HIpp.
900 495 992 535 652.

297 571 335 603 et
354 579 419 603 ora
435 563 554 601 tenuis
567 563 678 613 flava
701 563 866 614 tingebat
881 554 993 600 rubor

296 630 343 668 M
349 631 385 667 S.
419 629 551 680 Elegia
560 629 600 665 in
608 628 828 666 Maecenatis
835 628 990 674 obitum,

294 708 409 745 quam
425 694 562 732 Pedoni
575 694 814 732 Albinovano
828 705 988 732 asserere

294 764 448 797 conatur
468 758 643 810 Scaliger,
661 770 698 797 v.
717 758 783 804 96.
819 758 989 797 Membra

292 837 357 862 nec
376 824 414 862 in
429 829 549 862 strata
562 829 724 862 sternere
738 824 856 862 disca-t
871 824 987 862 humo.

291 890 387 928 trita
404 889 628 940 praestiterit.
666 890 832 939 Propert.
855 901 916 936 1v,
935 889 987 935 ix,

291 959 356 993 40.
377 955 440 992 ‘Et
457 968 639 1005 nunquam
663 955 713 993 ad
738 960 846 993 natas
875 955 987 992 irrita

252 1018 269 1049 l
291 1021 365 1057 tela
399 1019 541 1073 feras}-
594 1024 735 1058 stratas
779 1016 988 1070 co'njecerat

291 1085 497 1131 Heinsius;
542 1091 668 1123 vastas
703 1098 723 1123 e
758 1085 838 1122 cod.
873 1085 985 1134 Voss.

288 1150 528 1188 confirmavit
575 1149 770 1188 Schrader.
826 1149 984 1187 Emend.

288 1227 324 1264 p.
343 1219 408 1260 91.
423 1238 477 1245 —-
493 1227 568 1253 xv.
601 1219 691 1253 213.
729 1213 837 1254 Solve
854 1219 982 1252 ratem.

240 1327 245 1329 μ
291 1278 413 1317 Venus
448 1286 533 1317 orta
567 1280 661 1317 mari
706 1292 810 1317 mare
846 1284 986 1317 sternet-

286 1343 388 1381 eunti
399 1359 409 1390 ;
427 1345 502 1382 vid.
514 1345 608 1383 Met.
623 1358 667 1392 x,
676 1349 767 1383 342.
776 1350 812 1382 et
825 1344 980 1382 Schrad.

287 1409 444 1447 Emend.
475 1423 510 1460 p.
535 1415 622 1456 194.
670 1411 715 1448 In
743 1411 897 1448 Nasone
928 1409 982 1447 ni-

285 1474 404 1512 mium
423 1476 708 1524 repetitionibus,
736 1476 774 1514 in
792 1475 875 1514 aliis
898 1487 981 1524 par-

284 1538 374 1586 cius,
408 1539 648 1591 indulgebant
682 1540 822 1578 librarii
835 1555 846 1585 ;
880 1539 977 1577 Met.

287 1614 384 1651 XIV,
411 1607 501 1641 800.
529 1608 653 1641 strata
683 1607 739 1640 est
765 1602 873 1640 tellus
903 1602 980 1640 Ro-

282 1681 389 1706 mana
413 1668 560 1707 Sabinis
593 1667 826 1719 Corporibus,
860 1673 980 1706 strata

282 1740 407 1785 estque
454 1735 531 1773 suis
545 1750 560 1778 ,·
617 1734 725 1772 simul
758 1738 868 1783 atque
901 1732 978 1770 suis

283 1798 332 1836 R.
351 1799 417 1844 B.;
449 1799 544 1840 Met.
566 1810 629 1845 vr,
657 1796 750 1836 640.
782 1797 837 1835 Et
856 1801 977 1834 mater

280 1868 408 1909 mater,
441 1864 665 1909 clamantem,
701 1868 738 1900 et
767 1862 860 1899 cula
890 1874 976 1910 pre-

279 1932 442 1965 mentem.
499 1933 521 1951 “
552 1928 595 1964 In
644 1928 826 1977 Bernegg.
881 1925 975 1963 inter

281 1999 474 2044 utrumque
492 1998 609 2031 mater
633 1998 707 2032 tres
735 1992 851 2030 literae
869 1997 974 2030 erant

279 2071 408 2096 erasae.
436 2063 473 2095 et
487 2058 548 2096 vel
559 2061 619 2109 <ja
629 2058 740 2097 fuisse
747 2059 973 2097 videbatur?

280 2122 333 2160 N.
343 2123 500 2163 Hnnrs.
514 2129 540 2148 ‘⁴
550 2124 878 2173 cantandipositor,
887 2137 974 2162 can-

280 2187 349 2225 tati
368 2188 534 2238 egregius
561 2189 598 2226 in
626 2188 754 2226 multis
780 2190 973 2239 repertor.''

279 2250 380 2311 Hinc
387 2253 566 2302 praeclare
573 2253 786 2292 emendavit
796 2254 973 2292 Wrrno-

283 2327 395 2365 nus,
440 2319 495 2356 Et
513 2332 611 2366 mea,
640 2325 706 2366 ter,
736 2324 867 2366 mater,
895 2318 971 2358 cla-

276 2384 660 2423 mantem—Praemet.
683 2397 719 2434 p.
731 2388 818 2422 180.
833 2383 969 2422 Manil.

279 2457 311 2494 1,
330 2451 421 2485 245.
450 2448 535 2486 Nos
551 2448 590 2486 in
603 2454 709 2487 nocte
722 2461 854 2496 sumus,
871 2461 970 2487 sorn-

277 2525 414 2564 nosque
431 2514 469 2551 in
484 2514 640 2552 membra
654 2514 823 2553 locamus.
847 2526 969 2554 somno

276 2578 329 2616 sic
347 2579 513 2630 Scaliger
517 2595 529 2626 ;
547 2592 755 2630 somnosque
765 2579 805 2617 in
813 2580 969 2617 membra

272 2656 445 2686 vocamus
494 2646 675 2683 Burman.
722 2645 770 2683 ad
819 2645 968 2683 Phaedr.

277 2721 417 2747 somnos
429 2702 467 2746 in
481 2711 636 2748 membra
654 2710 678 2747 I.
708 2709 837 2748 Codex
853 2710 970 2748 Gem-

274 2773 480 2821 blaeenci83
509 2774 561 2812 ero*
586 2774 625 2811 in
649 2772 792 2811 lacunae
820 2779 967 2811 tantum

276 2837 470 2888 explendae
505 2850 620 2884 causa
655 2852 679 2879 a
717 2838 866 2878 librario
901 2839 968 2878 ad-

1002 194 1067 243 18

1054 301 1255 352 junctum:
1283 302 1374 354 lege,
1405 316 1527 344 somno
1557 315 1639 346 Nos
1666 319 1713 346 m.
1730 306 1756 346 l.
1821 351 1826 355 ,
1851 331 1858 336 ·

1059 365 1211 405 Withof.
1229 367 1268 405 in
1288 368 1393 418 Spec.
1420 370 1604 409 Gunther.
1630 384 1667 422 p.
1687 375 1754 411 85.
1791 366 1794 368 ’

1055 431 1192 470 Tibull.
1209 445 1240 480 1,
1258 433 1321 481 vii,
1337 435 1442 485 (viii‚)
1458 440 1524 481 49.
1551 436 1641 475 Huc
1655 437 1753 484 adeo,

1054 502 1091 534 et
1109 504 1258 537 centum
1287 489 1394 547 ludis,
1425 500 1654 551 Geniumque
1670 501 1754 541 cho-

1052 562 1125 600 reis
1158 563 1387 612 Concelebra,
1422 566 1525 604 ludos
1559 566 1687 606 Codd.
1716 572 1756 607 et

1051 628 1132 665 edd.
1151 635 1226 667 vet.
1254 630 1349 668 ludis
1377 631 1542 670 Statius:
1584 633 1754 681 emenda,

1051 692 1139 730 Huc
1179 694 1277 740 ades,
1324 700 1362 732 et
1409 696 1602 735 Gauium
1651 697 1749 745 ludo,

1052 757 1278 808 Geniumque
1297 759 1437 796 choreis
1457 760 1673 799 Markland.
1699 762 1745 800 de

1051 821 1170 870 Epist.
1189 835 1226 870 p.
1244 819 1323 869 68„
1341 823 1400 859 cui
1417 822 1520 861 favet
1538 824 1751 875 perelegans

1048 887 1214 936 repetitio
1240 893 1359 936 poetae
1383 888 1542 938 propria,
1573 894 1610 927 et
1635 902 1750 940 quam

1049 952 1181 991 callide
1190 952 1348 1004 sublegit
1355 953 1528 1005 Heynius
1536 969 1547 1000 3
1561 955 1636 992 vid.
1644 955 1746 996 Add.

1049 1017 1133 1056 Imo
1143 1017 1257 1056 ovid.
1279 1018 1358 1068 ipse
1370 1018 1409 1056 in
1418 1018 1559 1057 Niobes
1567 1019 1748 1058 mandato

1047 1082 1185 1133 aliquid
1202 1083 1415 1134 hujusmodi
1434 1096 1565 1133 passus
1579 1089 1636 1122 est
1654 1082 1748 1137 196.

1048 1147 1103 1185 Ite
1127 1148 1255 1194 sacris,
1279 1154 1480 1197 properate
1508 1147 1640 1195 sac-ris,
1669 1148 1750 1187 lau—

1044 1225 1194 1262 rumque
1212 1212 1356 1261 capillis
1368 1212 1503 1250 Ponite
1511 1226 1526 1257 ,·
1547 1212 1747 1262 deponunt,

1044 1277 1253 1329 infectaque
1266 1290 1374 1315 sacra
1387 1277 1610 1327 relinquunt.
1642 1275 1749 1321 Quid
1766 1305 1769 1308 ,

1044 1342 1175 1392 plura?
1205 1341 1353 1380 Infectis
1369 1334 1747 1392 properate—repo-

1043 1408 1116 1446 suit
1133 1403 1335 1446 Withofius
1355 1408 1451 1446 notis
1465 1407 1512 1445 ad
1529 1405 1640 1444 Orat.
1657 1405 1741 1446 Sec.

1042 1485 1079 1522 p.
1094 1476 1157 1510 81.
1185 1485 1300 1523 quam
1317 1485 1406 1510 cum
1425 1471 1538 1523 stylo,
1556 1476 1745 1522 mentm&

1043 1549 1146 1574 more
1172 1536 1361 1575 Ovidiano
1389 1536 1583 1574 consentit.
1628 1535 1678 1575 In
1701 1547 1741 1576 v.

1042 1613 1155 1651 supra
1191 1607 1319 1639 notato
1353 1600 1493 1639 dudum
1533 1598 1733 1647 somninvi.

1037 1666 1162 1715 placet
1176 1665 1194 1713 ;>
1216 1668 1303 1705 AEn.
1323 1678 1357 1713 1,
1387 1670 1476 1705 142.
1503 1666 1603 1704 dicto
1631 1665 1738 1713 citius

1041 1732 1184 1769 tumida
1209 1743 1359 1782 aequora
1376 1731 1526 1780 placat:
1555 1730 1620 1769 sed
1640 1743 1740 1781 prq-

1038 1802 1128 1844 stat,
1171 1797 1231 1834 vel
1266 1796 1388 1846 potius
1414 1801 1583 1845 praestet,
1620 1797 1739 1840 verba

1037 1867 1188 1909 sternet,
1207 1862 1303 1913 quod
1329 1861 1368 1899 in
1395 1862 1617 1900 Bersmanni
1636 1874 1744 1903 mm

1036 1927 1120 1977 gine
1137 1933 1341 1977 comparet,
1359 1939 1380 1965 e
1403 1931 1509 1965 textu
1528 1926 1736 1967 doctissimi

1036 1998 1231 2042 poetarum
1248 1993 1375 2031 cedere
1402 2005 1476 2030 non
1502 1992 1623 2031 debet.
1679 1992 1736 2032 Ut

1037 2058 1182 2096 Graecis
1202 2057 1399 2112 παρέχειν,
1411 2057 1658 2112 χαρίζεσθαι,
1679 2058 1738 2097 tic

1035 2123 1179 2162 Latinis
1205 2124 1380 2173 praebere,
1403 2129 1587 2173 praestare
1605 2123 1734 2175 huju·-

1033 2188 1135 2227 modi
1153 2189 1198 2236 de
1213 2189 1320 2226 rebus
1338 2187 1504 2226 solennia
1517 2193 1616 2227 sunt.
1649 2201 1731 2238 xx,

1034 2257 1125 2291 213.
1163 2252 1228 2291 Ne
1254 2258 1377 2290 tamen
1403 2252 1552 2303 ignoret
1580 2263 1662 2303 quoe
1677 2253 1745 2294 eit-

1032 2314 1213 2354 sententia
1243 2315 1392 2365 scripto,
1434 2315 1487 2353 N.
1520 2314 1729 2362 Heinsiu⁸3

1030 2380 1163 2430 scripti
1180 2381 1363 2419 sententia
1375 2393 1455 2432 quae
1473 2381 1536 2429 sit,
1554 2381 1728 2420 editione!

1030 2451 1254 2502 pervetustae
1297 2448 1424 2486 Parm.
1468 2450 1584 2493 1489.
1639 2459 1729 2492 cum

1031 2511 1306 2551 commentariis
1326 2513 1376 2550 A.
1395 2509 1527 2550 Volsci
1551 2516 1589 2549 et
1606 2509 1726 2549 Uber-

1030 2576 1110 2623 tini,
1139 2575 1237 2614 Ven.
1272 2580 1388 2621 1498.
1430 2573 1584 2613 Mediol.
1608 2578 1725 2615 1510.

1031 2640 1120 2679 Ald.
1156 2644 1271 2679 1533.
1327 2642 1460 2678 Amor.
1478 2649 1563 2687 -111,
1598 2639 1650 2687 iil,
1683 2637 1724 2680 6.

1032 2705 1196 2744 Candida
1227 2704 1416 2743 candorem
1443 2702 1547 2741 niveo
1583 2702 1725 2753 suffusa

1027 2771 1157 2809 rubore
1176 2772 1276 2808 Ante
1294 2769 1416 2809 stetit:
1444 2768 1548 2806 niveo
1567 2767 1667 2807 lucet
1682 2766 1723 2809 ὄπ

1028 2849 1091 2877 ore
1109 2835 1229 2875 rubor.
1258 2835 1311 2875 N.
1324 2833 1520 2880 Heinsius3
1531 2829 1619 2886 suit
1627 2829 1721 2872 MS.
