1864 3132
855 218 955 267 537

187 318 288 371 Ubi
332 337 492 380 nemo,
535 322 725 387 opinor,
767 323 858 373 nisi
877 331 881 333 ’
903 323 1190 387 proletarius
1224 321 1370 387 plane
1410 320 1618 388 scriptor

185 407 353 457 στολης
385 400 615 448 adhibere
648 401 739 448 sibi
773 401 1080 464 permisisset.

222 496 280 545 V.
310 507 407 546 154.
445 502 540 546 Νυν
565 495 592 549 ὃ
618 521 695 547 ουκ
727 520 859 556 cao-w,
895 520 1013 546 κατα
1047 520 1110 561 ’γε
1143 521 1227 556 την
1259 520 1364 556 εμην
1395 519 1514 559 μιαν,

453 579 517 622 Εν
549 596 640 624 τοις
675 583 945 631 καπηλειοισι
978 582 1159 627 λακκους·
1192 597 1380 634 εμποιειν
1446 582 1449 585 ’

457 648 629 703 wa...
662 692 666 696 ,
784 650 812 718 ]

188 745 254 794 At
272 763 407 796 nunc
428 764 528 797 non
549 749 725 808 sinam,
760 757 817 798 ut
846 768 872 799 e
905 767 1014 799 mea
1046 751 1289 800 sementia
1314 750 1369 800 in
1391 765 1621 815 caupona

189 821 333 872 lacus
366 835 510 889 aquae
525 825 743 891 saciant.
815 826 892 874 Ita
914 827 1265 890 interpretatur
1287 827 1417 876 Tan.
1444 827 1619 875 Faber.

187 897 384 964 Nempe
403 901 682 951 Scholiastae
699 903 774 951 vir
792 904 983 952 doctiss.
1012 906 1277 969 patientem
1297 905 1438 953 nimis
1455 921 1622 954 aurem

188 981 582 1040 accommodavit,
636 983 766 1046 apud
823 998 967 1047 quem
1025 982 1195 1045 utique
1246 982 1455 1030 habetur
1507 986 1626 1041 Εμην

187 1053 315 1120 μιαν]
350 1063 498 1106 Acme«
524 1067 780 1108 ΓΝΩΜΗΝ.
851 1060 946 1107 Ain
983 1075 1100 1125 vero
1130 1076 1160 1108 o
1196 1061 1325 1108 bone
1341 1057 1375 1107 ἵ,
1432 1059 1498 1108 At
1520 1059 1625 1109 sine

189 1133 486 1195 exemplo,⁹⁴⁷
510 1135 729 1199 adeoque
750 1151 1017 1200 perperam.
1082 1136 1238 1184 Porro
1260 1142 1315 1183 ut
1337 1156 1515 1197 ’γνωμην
1537 1133 1626 1181 tibi

187 1205 540 1272 indulgeamus,
575 1209 767 1273 plenam
803 1213 1069 1260 orationem
1107 1212 1278 1260 statuis
1312 1234 1426 1259 κατα
1460 1233 1521 1274 «γε
1544 1232 1627 1268 την

190 1305 293 1341 eyn-nv
314 1306 494 1347 ‘yvamnv
513 1309 628 1342 μιαν.
689 1291 870 1337 Annon
893 1305 1009 1338 vero
1039 1289 1188 1337 sentis
1211 1289 1338 1336 istud
1358 1311 1457 1346 μιαν
1480 1302 1626 1353 quam

190 1361 517 1425 importunum
554 1363 649 1413 sit?
696 1366 851 1415 Immo
886 1368 989 1431 ipsa
1026 1368 1108 1415 illa
1148 1391 1262 1415 κατα
1301 1389 1362 1429 γε
1403 1389 1486 1424 την
1520 1388 1627 1422 εμην

191 1461 371 1502 ’γνωμην
407 1458 516 1489 cum
550 1445 936 1505 praecedentibus
974 1467 1048 1492 ουκ
1087 1467 1203 1493 cao-w
1241 1460 1411 1508 parum
1451 1459 1626 1491 conve-

193 1517 349 1566 niunt.
399 1519 557 1567 Alium
576 1519 723 1584 longe
741 1536 879 1568 usum
895 1521 987 1568 ista
1003 1521 1183 1570 locutio
1204 1520 1336 1583 apud
1359 1519 1624 1582 Euripiden

192 1597 405 1646 sortitur.
477 1599 628 1646 Andr.
655 1609 754 1651 737.

328 1699 457 1743 οταν
490 1693 535 1742 δε
570 1717 694 1744 «ramea
728 1699 790 1744 θω
826 1705 981 1743 ΚΑΤΑ
1015 1704 1258 1744 ΓΝΩΜΗΝ
1294 1703 1478 1753 EMHN,

331 1771 440 1831 Ηξω

196 1868 279 1916 *h.
308 1884 350 1916 e.
386 1885 494 1916 cum
534 1870 815 1934 interprete,
866 1869 960 1918 Ubi
980 1887 1041 1918 ex
1062 1871 1211 1918 animi
1234 1869 1475 1917 sententia
1496 1882 1623 1917 com·
1658 1875 1759 1928 309

186 1958 415 2007 posuero,
475 1944 612 2011 Lege
637 1963 750 1995 vero
774 1948 985 2005 tandem,
1010 1948 1050 1994 si
1073 1963 1241 2010 sapere
1263 1947 1428 2003 audes,

334 2048 439 2092 Αλλ
473 2066 547 2092 ουκ
582 2067 714 2102 cao-w,
750 2067 868 2093 κατα
902 2065 963 2107 ’γε
997 2062 1079 2101 την
1098 2067 1216 2101 ,εμην
1252 2043 1464 2091 BIAN.²⁴⁸

197 2141 294 2190 Sed
335 2159 436 2191 non
472 2130 773 2206 permittam,
817 2149 1060 2209 quantum
1105 2142 1300 2208 quidem
1343 2157 1464 2190 meae
1500 2141 1627 2190 vires

239 2275 332 2315 247.
344 2271 459 2320 Apud
474 2271 661 2310 comicum
671 2279 788 2316 certe;
802 2272 885 2310 vide
941 2273 1036 2312 cod.
1051 2273 1154 2312 Leid.
1169 2273 1328 2311 restituit
1338 2272 1453 2322 Legg.
1471 2283 1524 2318 11,
1537 2270 1631 2311 653.

146 2345 150 2348 “
201 2337 290 2375 Pae.
317 2340 409 2374 231.
475 2336 594 2386 Vesp.
619 2341 712 2381 977.
740 2336 887 2375 Eccles.
942 2338 988 2375 C.
1026 2337 1084 2374 καὶ
1121 2336 1299 2375 miseiav'
1312 2336 1628 2389 προσαγορεύων,

200 2405 317 2446 349.;
353 2400 416 2438 Sed
434 2400 531 2448 apud
558 2399 755 2438 Platonem
778 2400 889 2450 hujus
941 2400 1044 2438 κατ-α’
1062 2416 1106 2446 γε
1124 2400 1195 2443 τήν
1212 2400 1303 2446 ἐμήν
1329 2399 1446 2452 ὀρθός
1472 2398 1519 2437 ἂν
1535 2414 1631 2452 τρο·

198 2466 370 2516 ellipseos
381 2478 454 2503 non
464 2465 596 2502 desunt
609 2465 805 2514 exempla3
819 2465 890 2502 Po·
942 2464 1172 2517 σαγορειὶοις.
1189 2463 1311 2502 Koen.
1322 2465 1370 2502 ad
1386 2465 1502 2514 Greg.
1520 2478 1557 2513 p.
1567 2467 1630 2501 12.

199 2532 290 2572 litic.
310 2535 402 2574 277.
416 2532 466 2568 A.
487 2530 565 2567 Νῦν
581 2530 621 2568 δὲ
637 2531 740 2567 κατά
755 2545 800 2578 ’γε
820 2546 890 2574 την
943 2529 1107 2575 HeuSde,
1136 2543 1172 2579 p.
1194 2534 1284 2568 102.

199 2595 294 2643 ἐμήν
306 2594 407 2633 οὔπω
426 2596 617 2646 φαίνεται.
633 2597 723 2638 291.
749 2593 796 2630 C.
816 2592 892 2633 Οὔ·
998 2597 1090 2632 248.
1124 2598 1148 2617 “
1175 2593 1373 2643 vulgatum
1419 2590 1632 2629 defendente

204 2676 289 2698 κονν
303 2660 348 2706 δὴ
361 2659 464 2697 κατά
473 2674 517 2706 γε
532 2659 603 2704 τήν
614 2658 716 2705 ἐμήν.
743 2658 888 2696 Phileb.
945 2657 1097 2696 Reislcio
1128 2664 1165 2697 et
1193 2665 1278 2708 post
1305 2671 1392 2696 eum
1425 2657 1566 2705 Toupio
1592 2656 1633 2692 in

204 2720 891 2775 41.Β.Ἀλλ’,ὦΠριᾶ·τ-αρχε,εἶσ“ικα·
947 2721 1048 2759 Suid.
1084 2733 1115 2761 1.
1158 2735 1197 2771 ρ.
1225 2726 1276 2760 80
1308 2719 1459 2769 (113).”
1514 2716 1568 2754 R.
1584 2715 1634 2754 Ρ.

207 2788 259 2826 τά
281 2804 326 2835 γε
344 2788 415 2834 τὴν
440 2787 540 2837 ἐμήν.
587 2787 716 2833 Quam
745 2787 892 2838 ellipsin
944 2786 1044 2837 apud
1071 2785 1121 2825 Ρ.
1135 2785 1185 2826 Ρ.
1197 2787 1253 2824 D.
1282 2789 1307 2809 “
1326 2786 1415 2833 μίαν.
1432 2783 1543 2822 docte
1556 2787 1636 2822 ωε·
