1864 3132
154 1323 244 1363 221

962 194 1064 242 394

295 300 329 320 ‘⁶
346 318 464 344 κατα
499 294 626 354 δικην.
687 296 869 347 Sensus
904 299 1091 364 respuit
1127 310 1308 349 ΔΙΚΗΣ
1345 313 1496 351 ΚΑΤΑ
1522 313 1736 355 .ΔΙΚΗΝ.

296 377 327 396 “
349 372 478 420 Puto
501 383 666 421 ΣΙΓΗΣ
688 391 855 424 verum
881 392 1001 435 esse,
1031 383 1080 425 et
1101 378 1368 428 Auctorem
1388 381 1607 445 prosaice
1630 383 1738 431 haec

294 454 327 474 “
350 451 624 513 protulisse,
661 453 802 501 simul
824 453 1042 503 alludens
1067 456 1122 519 [1.
1149 457 1479 521 alludentem]
1510 460 1572 508 ad
1595 459 1736 508 istum

294 530 326 550 “
346 525 515 574 Poetae
538 527 746 577 locumss’
782 529 911 578 Mih1
934 547 1095 595 neque
1118 555 1236 581 κατα
1259 531 1388 592 δικηυ,
1413 552 1506 584 nec
1529 550 1648 584 vero
1669 558 1738 584 και
1808 537 1810 539 ’
1861 524 1864 528 ’

292 601 405 661 δικης
426 613 758 696 congruenter
781 607 858 656 hic
882 605 1053 665 haberi
1075 611 1281 660 videtur.
1327 611 1577 661 Neutrum
1604 617 1741 684 certe

290 681 352 747 ad
360 692 726 749 argumentum,
742 686 791 734 in
811 702 908 751 quo
926 693 1146 735 versatur
1155 687 1462 748 Plutarchus
1474 667 1741 756 quidquam

291 768 492 824 spectat.
558 763 720 812 Docet
752 764 921 828 utique
960 764 1273 830 philosophus
1305 766 1616 817 Crocodilum
1648 782 1740 816 nu-

290 839 431 889 minis
466 842 676 906 supremi
716 843 901 891 duabus
942 843 1002 890 de
1038 844 1386 907 causisstmmia
1408 861 1542 903 esse;
1565 845 1738 909 ‘primo

288 917 460 983 utique
479 919 554 977 eo',
576 920 706 983 quod
723 920 785 967 sit
800 928 1038 982 α’γλωσσος
1055 921 1154 969 sive
1169 927 1370 987 αφωνοςς
1397 921 1588 981 deinde,
1606 923 1738 987 quod

288 1013 385 1062 per·
410 999 740 1048 membranam
769 1000 1066 1064 perlucidam
1090 1001 1241 1049 oculis
1266 1001 1527 1050 obductam
1552 1009 1736 1062 cernat,
1784 1025 1790 1029 ’

287 1075 404 1123 dum
438 1077 542 1141 ipse
571 1077 764 1126 interim
803 1094 902 1125 non
927 1085 1170 1126 cernatur.
1245 1078 1343 1129 Sed
1378 1096 1539 1144 neque
1576 1079 1738 1144 placet

289 1153 422 1216 quod
438 1154 591 1203 voluit
608 1155 799 1204 doctiss,
838 1154 1160 1203 Marklandus
1184 1170 1346 1219 wynsg
1385 1144 1570 1222 quippe
1589 1156 1736 1220 quod,

288 1226 327 1276 δι
354 1234 545 1296 αψοφου
567 1236 773 1281 κελευθον
795 1255 862 1281 και
897 1235 1040 1295 σμγἠς,
1076 1230 1135 1285 δις
1158 1256 1324 1282 ταυτον
1357 1234 1463 1298 plus
1487 1235 1637 1282 nimio
1659 1251 1733 1283 sa-

290 1306 319 1335 *
334 1305 487 1369 piant.
536 1306 717 1356 Nullus
741 1324 857 1356 vero
882 1308 1050 1356 dubito
1075 1308 1194 1371 quin
1218 1316 1396 1373 poetae,
1422 1308 1577 1357 lonici
1598 1316 1731 1374 puta,

287 1384 422 1434 locus
446 1386 514 1433 sic
539 1388 906 1435 constituendus
931 1387 992 1434 sit
1013 1407 1023 1436 :
1395 1379 1402 1381 “

563 1492 839 1499 -------
863 1461 902 1511 δι
937 1468 1127 1531 αψοφου

425 1546 590 1589 Βαινων
623 1544 830 1589 κελευθον
865 1563 934 1588 και
971 1549 1148 1588 ΣΚΙΗΣ
1183 1563 1246 1590 τα
1279 1545 1391 1601 θνητ
1425 1542 1588 1606 myst-⁶⁷

342 1637 408 1682 67.
445 1643 470 1663 “
490 1640 667 1678 Errorem
700 1640 772 1677 hoc
804 1638 886 1677 loco
922 1639 987 1676 ad·
1044 1652 1144 1677 ΧΧῙ.
1172 1645 1209 1678 et
1232 1639 1282 1678 R.
1298 1640 1346 1678 P.
1376 1641 1424 1679 ad
1443 1641 1532 1679 Eur.
1550 1622 1622 1680 Ph.
1639 1630 1734 1691 559.

287 1705 447 1744 missum
459 1705 638 1743 indicavit
654 1704 691 1742 V
689 1705 782 1743 alclc.
793 1705 840 1743 ad
851 1705 985 1743 Phoen.
1044 1708 1161 1748 1772.
1189 1711 1226 1742 et
1242 1703 1291 1742 ad
1312 1703 1481 1754 Simplic.
1503 1704 1650 1753 Tracts,
1668 1709 1731 1755 pp.

286 1785 323 1822 p.
339 1775 377 1816 9.
405 1777 443 1809 et
462 1771 533 1809 Vir
551 1785 722 1810 summus
750 1771 908 1809 Emend.
938 1771 985 1808 ad
1041 1769 1178 1818 176‚7.
1197 1769 1426 1809 Callimachi
1436 1771 1482 1809 fr.
1496 1779 1656 1810 ccvnr.
1676 1776 1734 1810 est

288 1838 396 1877 Suid.
427 1839 471 1875 P.
493 1850 523 1876 1.
561 1839 601 1890 [i‚
635 1836 722 1876 136.
751 1844 788 1876 et
807 1837 856 1875 R.
873 1838 918 1876 P.
946 1838 1008 1874 in.
1040 1847 1168 1873 versus
1194 1839 1287 1874 231.
1325 1835 1364 1874 h.
1393 1837 1440 1873 ad
1474 1836 1608 1882 Dian.;
1635 1834 1732 1874 conf.
1768 1861 1778 1873 .

286 1906 390 1955 App.
419 1918 457 1955 p.
477 1905 587 1956 443]
614 1910 652 1942 et
668 1904 784 1943 literis
803 1904 918 1942 etiam
935 1903 982 1940 ad
1042 1900 1176 1951 Fragg.
1234 1911 1491 1946 CCLxxxrx,
1550 1910 1732 1946 cccxv1‚

286 1984 347 2009 me
365 1971 475 2010 datis.
516 1972 577 2009 De
595 1971 724 2009 eodem
745 1971 825 2007 haec
844 1969 983 2019 optime

285 2037 452 2088 egregius
500 2036 756 2087 Reliquiarum
797 2042 833 2073 et
863 2035 984 2086 frag-

284 2108 486 2140 mentorum
521 2102 649 2140 Babrii
684 2102 826 2139 editor:
874 2106 884 2123 ‘
905 2100 983 2137 Ex—

285 2179 430 2203 cursum
447 2165 540 2202 hunc
559 2165 602 2202 de
615 2164 838 2216 fingmento
858 2162 981 2200 neseio

285 2231 391 2281 cujus
429 2230 554 2269 Poetae
598 2229 713 2268 Ionici
758 2229 858 2278 apud
892 2227 982 2266 Plu-

284 2294 472 2341 tarchum,
484 2281 698 2340 resecdssess
709 2293 832 2340 credo,
843 2292 980 2330 Dawe-

284 2358 375 2405 sius,
394 2358 426 2395 si
445 2364 664 2408 compertum
683 2357 864 2395 habuisset
884 2356 925 2394 id
940 2356 978 2393 in

286 2423 405 2463 Attici
420 2428 553 2472 poetoe,
585 2422 772 2472 Euripidis
804 2421 978 2468 Troasin,

283 2503 318 2528 v.
356 2493 446 2527 888.
492 2488 596 2526 hodie
632 2493 731 2525 recte
764 2486 850 2538 legi.
906 2485 982 2523 Sed

278 2558 439 2605 proestat
456 2565 616 2600 servare,
645 2558 687 2590 ut
715 2552 875 2602 exemplo
905 2556 980 2589 tam

283 2620 466 2659 luculento
483 2618 624 2666 moniti,
653 2618 834 2656 discamus
861 2629 981 2655 omnes

283 2688 326 2727 cle
356 2685 575 2736 fragmentis
611 2697 724 2734 neque
760 2683 836 2731 diu,
869 2695 982 2732 neque

282 2750 424 2790 acrite⁸r
434 2748 636 2800 digladiari
641 2746 670 2786 .”
678 2746 687 2759 ’
703 2747 861 2798 Biz-rges.
873 2745 982 2784 Conf.

281 2817 406 2856 virum
425 2827 618 2854 summurn
638 2813 686 2852 ad
703 2812 860 2852 Aristot.
877 2812 980 2853 Poet.

1040 1977 1214 2004 ccch1.
1271 1965 1405 2003 Sedem
1439 1964 1583 2016 q'uoque
1617 1965 1730 2016 hujus

1037 2043 1174 2071 versus.
1186 2030 1411 2068 monstravit
1422 2029 1595 2080 Raperus
1611 2031 1651 2069 in
1667 2043 1732 2068 ex-

1036 2095 1194 2147 emplari
1213 2109 1279 2134 suo
1298 2095 1350 2133 R.
1366 2094 1421 2134 D.
1449 2101 1472 2120 ‘⁴
1492 2095 1598 2134 Deus
1611 2097 1732 2144 tacito

1035 2162 1243 2213 ingrediens
1258 2161 1432 2215 vestigio,
1443 2163 1731 2214 secundumjusss-

1036 2229 1159 2266 titiam
1178 2241 1237 2266 res
1266 2234 1409 2266 tractat
1430 2228 1627 2267 humanas:
1656 2229 1729 2267 hoc
1783 2231 1786 2234 ⁴

1034 2292 1253 2332 —memini
1285 2307 1309 2330 a
1338 2294 1374 2330 V
1378 2292 1599 2331 alckenaerio
1631 2294 1730 2344 ejus·

1034 2359 1135 2396 modi
1161 2359 1306 2404 affectu,
1336 2370 1379 2395 eo
1403 2357 1596 2396 oculorum
1624 2358 1730 2410 quasi

1034 2424 1164 2462 ardore
1202 2421 1448 2473 pronunciari,
1481 2426 1522 2458 ut
1556 2420 1671 2459 veluti
1705 2435 1730 2459 a

1037 2490 1118 2527 Deo
1136 2487 1296 2526 missum
1307 2492 1434 2524 vatem
1446 2490 1483 2523 et
1495 2484 1622 2522 audire
1633 2484 1728 2523 mihi

1034 2561 1070 2594 et
1088 2553 1213 2591 videre
1242 2552 1397 2596 viderer,
1427 2554 1476 2596 et,
1505 2549 1602 2599 quod
1627 2550 1727 2600 apud

1036 2607 1193 2658 Poetain
1211 2617 1354 2664 dicitur,
1378 2614 1525 2667 gelidus
1551 2614 1639 2652 milti
1658 2628 1729 2665 per

1036 2697 1119 2722 ossa
1137 2685 1304 2720 curreret
1333 2678 1503 2717 tremor.’'
1544 2677 1595 2716 W
1586 2682 1662 2728 ytt.
1687 2678 1730 2715 in

1039 2744 1132 2783 Vita
1151 2744 1206 2783 D.
1223 2744 1277 2783 R.
1302 2756 1339 2793 p.
1362 2747 1452 2789 139.
1509 2743 1620 2783 Cous.
1637 2743 1730 2784 Pro·

1036 2811 1189 2862 phetam
1210 2808 1367 2852 Zechar.
1393 2809 1446 2858 ix,
1470 2814 1540 2848 14.
