<?xml version="1.0" encoding="UTF-8"?>
<!DOCTYPE html PUBLIC "-//W3C//DTD XHTML 1.0 Transitional//EN"
    "http://www.w3.org/TR/xhtml1/DTD/xhtml1-transitional.dtd">
<html xmlns="http://www.w3.org/1999/xhtml" xml:lang="en" lang="en">
 <head>
  <title>
</title>
<meta http-equiv="Content-Type" content="text/html;charset=utf-8" />
  <meta name='ocr-system' content='tesseract 3.04.00' />
  <meta name='ocr-capabilities' content='ocr_page ocr_carea ocr_par ocr_line ocrx_word'/>
</head>
<body>
  <div class='ocr_page' id='page_1' title='image "./miscellaneacriti00daweuoft_0144.png"; bbox 0 0 1864 3132; ppageno 0'>
   <div class='ocr_carea' id='block_1_1' title="bbox 1011 188 1083 239">
    <p class='ocr_par' dir='ltr' id='par_1_1' title="bbox 1011 188 1083 239">
     <span class='ocr_line' id='line_1_1' title="bbox 1011 188 1083 239; baseline 0.028 -2"><span class='ocrx_word' id='word_1_1' title='bbox 1011 188 1083 239; x_wconf 76' lang='lat'>72</span> 
     </span>
    </p>
   </div>
   <div class='ocr_carea' id='block_1_2' title="bbox 218 295 1760 365">
    <p class='ocr_par' dir='ltr' id='par_1_2' title="bbox 218 295 1760 365">
     <span class='ocr_line' id='line_1_2' title="bbox 218 295 1760 365; baseline 0.006 -24"><span class='ocrx_word' id='word_1_2' title='bbox 218 304 282 342; x_wconf 81' lang='lat'>42</span> <span class='ocrx_word' id='word_1_3' title='bbox 323 296 532 346; x_wconf 86' lang='lat' dir='ltr'>buerint.</span> <span class='ocrx_word' id='word_1_4' title='bbox 586 295 641 346; x_wconf 90' lang='lat' dir='ltr'>N</span> <span class='ocrx_word' id='word_1_5' title='bbox 644 312 699 345; x_wconf 91' lang='lat' dir='ltr'>ec</span> <span class='ocrx_word' id='word_1_6' title='bbox 723 312 840 345; x_wconf 82' lang='lat' dir='ltr'>vero</span> <span class='ocrx_word' id='word_1_7' title='bbox 861 318 997 363; x_wconf 69' lang='grc' dir='ltr'>χερας</span> <span class='ocrx_word' id='word_1_8' title='bbox 1029 296 1215 365; x_wconf 73' lang='grc' dir='ltr'>χεραδος</span> <span class='ocrx_word' id='word_1_9' title='bbox 1234 299 1426 348; x_wconf 85' lang='lat' dir='ltr'>Graecis</span> <span class='ocrx_word' id='word_1_10' title='bbox 1448 299 1525 349; x_wconf 87' lang='lat' dir='ltr'>vel</span> <span class='ocrx_word' id='word_1_11' title='bbox 1548 303 1578 331; x_wconf 79' lang='lat'><em>*</em></span> <span class='ocrx_word' id='word_1_12' title='bbox 1592 307 1760 350; x_wconf 84' lang='lat' dir='ltr'>notum</span> 
     </span>
    </p>
   </div>
   <div class='ocr_carea' id='block_1_3' title="bbox 206 2425 267 2465">
    <p class='ocr_par' dir='ltr' id='par_1_3' title="bbox 206 2425 267 2465">
     <span class='ocr_line' id='line_1_3' title="bbox 206 2425 267 2465; baseline -0.016 0"><span class='ocrx_word' id='word_1_13' title='bbox 206 2425 267 2465; x_wconf 79' lang='lat'>43</span> 
     </span>
    </p>
   </div>
   <div class='ocr_carea' id='block_1_4' title="bbox 318 372 1761 581">
    <p class='ocr_par' dir='ltr' id='par_1_4' title="bbox 318 372 1761 581">
     <span class='ocr_line' id='line_1_4' title="bbox 318 372 1761 440; baseline 0.004 -20.013"><span class='ocrx_word' id='word_1_14' title='bbox 318 372 470 422; x_wconf 84' lang='lat' dir='ltr'>fuisse</span> <span class='ocrx_word' id='word_1_15' title='bbox 493 373 811 423; x_wconf 84' lang='lat' dir='ltr'>crediderim:</span> <span class='ocrx_word' id='word_1_16' title='bbox 850 389 961 438; x_wconf 84' lang='lat' dir='ltr'>quae</span> <span class='ocrx_word' id='word_1_17' title='bbox 983 375 1114 423; x_wconf 85' lang='lat' dir='ltr'>enim</span> <span class='ocrx_word' id='word_1_18' title='bbox 1138 376 1231 423; x_wconf 83' lang='lat' dir='ltr'>hac</span> <span class='ocrx_word' id='word_1_19' title='bbox 1249 391 1397 440; x_wconf 76' lang='lat' dir='ltr'>super</span> <span class='ocrx_word' id='word_1_20' title='bbox 1419 390 1473 425; x_wconf 81' lang='lat' dir='ltr'>re</span> <span class='ocrx_word' id='word_1_21' title='bbox 1487 376 1761 426; x_wconf 79' lang='lat' dir='ltr'>afferuntur</span> 
     </span>
     <span class='ocr_line' id='line_1_5' title="bbox 319 448 1761 517; baseline 0.003 -20"><span class='ocrx_word' id='word_1_22' title='bbox 319 448 433 497; x_wconf 89' lang='lat' dir='ltr'>fidei</span> <span class='ocrx_word' id='word_1_23' title='bbox 454 449 683 497; x_wconf 86' lang='lat' dir='ltr'>videntur</span> <span class='ocrx_word' id='word_1_24' title='bbox 705 449 852 514; x_wconf 82' lang='lat' dir='ltr'>plane</span> <span class='ocrx_word' id='word_1_25' title='bbox 875 451 1091 515; x_wconf 81' lang='lat' dir='ltr'>perditae.</span> <span class='ocrx_word' id='word_1_26' title='bbox 1165 452 1458 501; x_wconf 75' lang='lat' dir='ltr'>Scholiastes</span> <span class='ocrx_word' id='word_1_27' title='bbox 1480 453 1675 517; x_wconf 81' lang='lat' dir='ltr'>quidem</span> <span class='ocrx_word' id='word_1_28' title='bbox 1695 454 1761 502; x_wconf 76' lang='lat' dir='ltr'>ed</span> 
     </span>
     <span class='ocr_line' id='line_1_6' title="bbox 319 525 780 581; baseline 0 -7"><span class='ocrx_word' id='word_1_29' title='bbox 319 525 465 574; x_wconf 86' lang='lat' dir='ltr'>Hom</span> <span class='ocrx_word' id='word_1_30' title='bbox 494 528 573 573; x_wconf 92' lang='grc' dir='ltr'>ΙΛ</span> <span class='ocrx_word' id='word_1_31' title='bbox 599 532 652 574; x_wconf 86' lang='grc' dir='ltr'>Φ.</span> <span class='ocrx_word' id='word_1_32' title='bbox 680 538 780 581; x_wconf 83' lang='grc'>319</span> 
     </span>
    </p>
   </div>
   <div class='ocr_carea' id='block_1_5' title="bbox 449 649 651 659">
    <p class='ocr_par' dir='ltr' id='par_1_5' title="bbox 449 649 651 659">
     <span class='ocr_line' id='line_1_7' title="bbox 449 649 651 659; baseline 0 2473"><span class='ocrx_word' id='word_1_33' title='bbox 449 649 651 659; x_wconf 95' lang='lat' dir='ltr'> </span> 
     </span>
    </p>
   </div>
   <div class='ocr_carea' id='block_1_6' title="bbox 683 651 884 662">
    <p class='ocr_par' dir='ltr' id='par_1_6' title="bbox 683 651 884 662">
     <span class='ocr_line' id='line_1_8' title="bbox 683 651 884 662; baseline 0 0"><span class='ocrx_word' id='word_1_34' title='bbox 683 651 884 662; x_wconf 95' lang='lat' dir='ltr'> </span> 
     </span>
    </p>
   </div>
   <div class='ocr_carea' id='block_1_7' title="bbox 901 623 1498 694">
    <p class='ocr_par' dir='ltr' id='par_1_7' title="bbox 901 623 1498 694">
     <span class='ocr_line' id='line_1_9' title="bbox 901 623 1498 694; baseline 0.005 -21"><span class='ocrx_word' id='word_1_35' title='bbox 901 625 1000 678; x_wconf 77' lang='grc' dir='ltr'>ἅλις</span> <span class='ocrx_word' id='word_1_36' title='bbox 1026 623 1211 692; x_wconf 76' lang='grc' dir='ltr'>χεραδος</span> <span class='ocrx_word' id='word_1_37' title='bbox 1235 649 1498 694; x_wconf 79' lang='grc' dir='ltr'>περιχευσας</span> 
     </span>
    </p>
   </div>
   <div class='ocr_carea' id='block_1_8' title="bbox 644 728 779 738">
    <p class='ocr_par' dir='ltr' id='par_1_8' title="bbox 644 728 779 738">
     <span class='ocr_line' id='line_1_10' title="bbox 644 728 779 738; baseline 0 2394"><span class='ocrx_word' id='word_1_38' title='bbox 644 728 779 738; x_wconf 95' lang='lat' dir='ltr'> </span> 
     </span>
    </p>
   </div>
   <div class='ocr_carea' id='block_1_9' title="bbox 452 702 624 766">
    <p class='ocr_par' dir='ltr' id='par_1_9' title="bbox 452 702 624 766">
     <span class='ocr_line' id='line_1_11' title="bbox 452 702 624 766; baseline 0.006 -17"><span class='ocrx_word' id='word_1_39' title='bbox 452 702 624 766; x_wconf 73' lang='grc' dir='ltr'>Μυρίον</span> 
     </span>
    </p>
   </div>
   <div class='ocr_carea' id='block_1_10' title="bbox 302 797 1810 2862">
    <p class='ocr_par' dir='ltr' id='par_1_10' title="bbox 316 797 1757 870">
     <span class='ocr_line' id='line_1_12' title="bbox 316 797 1757 870; baseline 0.003 -23"><span class='ocrx_word' id='word_1_40' title='bbox 316 799 423 848; x_wconf 86' lang='lat' dir='ltr'>haec</span> <span class='ocrx_word' id='word_1_41' title='bbox 447 799 620 849; x_wconf 80' lang='lat' dir='ltr'>habet:</span> <span class='ocrx_word' id='word_1_42' title='bbox 661 797 921 867; x_wconf 76' lang='grc' dir='ltr'>“χεραδος]</span> <span class='ocrx_word' id='word_1_43' title='bbox 976 806 1066 858; x_wconf 82' lang='grc' dir='ltr'>Της</span> <span class='ocrx_word' id='word_1_44' title='bbox 1102 802 1189 851; x_wconf 80' lang='grc' dir='ltr'>ὖπο</span> <span class='ocrx_word' id='word_1_45' title='bbox 1213 824 1429 855; x_wconf 78' lang='grc' dir='ltr'>ποταμωυ</span> <span class='ocrx_word' id='word_1_46' title='bbox 1451 807 1575 869; x_wconf 83' lang='grc' dir='ltr'>αθροι</span> <span class='ocrx_word' id='word_1_47' title='bbox 1581 803 1757 870; x_wconf 74' lang='grc' dir='ltr'>ζομενης</span> 
     </span>
    </p>

    <p class='ocr_par' dir='ltr' id='par_1_11' title="bbox 304 876 1810 2561">
     <span class='ocr_line' id='line_1_13' title="bbox 318 876 1755 947; baseline 0.005 -22.284"><span class='ocrx_word' id='word_1_48' title='bbox 318 882 562 940; x_wconf 75' lang='grc' dir='ltr'><strong><em>“ψαμμου</em></strong></span> <span class='ocrx_word' id='word_1_49' title='bbox 595 876 684 926; x_wconf 81' lang='lat' dir='ltr'>&amp;e.</span> <span class='ocrx_word' id='word_1_50' title='bbox 690 883 718 899; x_wconf 92' lang='lat'>”</span> <span class='ocrx_word' id='word_1_51' title='bbox 781 878 927 927; x_wconf 83' lang='lat' dir='ltr'>Unde</span> <span class='ocrx_word' id='word_1_52' title='bbox 971 886 1163 928; x_wconf 85' lang='lat' dir='ltr'>constat</span> <span class='ocrx_word' id='word_1_53' title='bbox 1206 896 1317 928; x_wconf 92' lang='lat' dir='ltr'>eum</span> <span class='ocrx_word' id='word_1_54' title='bbox 1363 897 1532 930; x_wconf 86' lang='lat' dir='ltr'>vocem</span> <span class='ocrx_word' id='word_1_55' title='bbox 1571 877 1755 947; x_wconf 75' lang='grc' dir='ltr'>χεραδος</span> 
     </span>
     <span class='ocr_line' id='line_1_14' title="bbox 313 957 1810 1025; baseline 0.002 -21"><span class='ocrx_word' id='word_1_56' title='bbox 313 957 582 1024; x_wconf 87' lang='lat' dir='ltr'>genitivum</span> <span class='ocrx_word' id='word_1_57' title='bbox 616 973 646 1004; x_wconf 85' lang='lat' dir='ltr'><strong>a</strong></span> <span class='ocrx_word' id='word_1_58' title='bbox 679 964 815 1005; x_wconf 89' lang='lat' dir='ltr'>recto</span> <span class='ocrx_word' id='word_1_59' title='bbox 849 979 983 1023; x_wconf 82' lang='grc' dir='ltr'>χερας</span> <span class='ocrx_word' id='word_1_60' title='bbox 1017 958 1220 1023; x_wconf 85' lang='lat' dir='ltr'><strong>cepisse.</strong></span> <span class='ocrx_word' id='word_1_61' title='bbox 1290 957 1478 1008; x_wconf 84' lang='lat' dir='ltr'>Contra</span> <span class='ocrx_word' id='word_1_62' title='bbox 1500 976 1613 1009; x_wconf 91' lang='lat' dir='ltr'>vero</span> <span class='ocrx_word' id='word_1_63' title='bbox 1637 960 1755 1025; x_wconf 84' lang='lat' dir='ltr'>Ety-</span> <span class='ocrx_word' id='word_1_64' title='bbox 1808 1012 1810 1015; x_wconf 50' lang='grc'><strong>,</strong></span> 
     </span>
     <span class='ocr_line' id='line_1_15' title="bbox 316 1030 1751 1100; baseline 0.001 -19"><span class='ocrx_word' id='word_1_65' title='bbox 316 1033 425 1082; x_wconf 89' lang='lat' dir='ltr'>mol.</span> <span class='ocrx_word' id='word_1_66' title='bbox 464 1033 537 1082; x_wconf 91' lang='lat' dir='ltr'>M.</span> <span class='ocrx_word' id='word_1_67' title='bbox 581 1030 658 1099; x_wconf 89' lang='lat' dir='ltr'>[p.</span> <span class='ocrx_word' id='word_1_68' title='bbox 682 1045 782 1091; x_wconf 86' lang='lat'><em>808,</em></span> <span class='ocrx_word' id='word_1_69' title='bbox 806 1030 909 1099; x_wconf 84' lang='lat' dir='ltr'>4o.]</span> <span class='ocrx_word' id='word_1_70' title='bbox 956 1033 1139 1100; x_wconf 79' lang='grc' dir='ltr'>χεραδος</span> <span class='ocrx_word' id='word_1_71' title='bbox 1173 1032 1490 1084; x_wconf 90' lang='lat' dir='ltr'>Homericum</span> <span class='ocrx_word' id='word_1_72' title='bbox 1526 1043 1751 1084; x_wconf 86' lang='lat' dir='ltr'>neutrum</span> 
     </span>
     <span class='ocr_line' id='line_1_16' title="bbox 314 1110 1753 1178; baseline 0.002 -21"><span class='ocrx_word' id='word_1_73' title='bbox 314 1127 419 1158; x_wconf 90' lang='lat' dir='ltr'>esse</span> <span class='ocrx_word' id='word_1_74' title='bbox 442 1110 623 1167; x_wconf 85' lang='lat' dir='ltr'>statuit,</span> <span class='ocrx_word' id='word_1_75' title='bbox 660 1110 1021 1176; x_wconf 86' lang='lat' dir='ltr'>Pindarumque</span> <span class='ocrx_word' id='word_1_76' title='bbox 1056 1110 1232 1178; x_wconf 74' lang='grc' dir='ltr'>χεραδει</span> <span class='ocrx_word' id='word_1_77' title='bbox 1264 1112 1473 1162; x_wconf 85' lang='lat' dir='ltr'>dativum</span> <span class='ocrx_word' id='word_1_78' title='bbox 1497 1128 1753 1177; x_wconf 83' lang='lat' dir='ltr'>usurpasse</span> 
     </span>
     <span class='ocr_line' id='line_1_17' title="bbox 313 1184 1805 1255; baseline 0.001 -18"><span class='ocrx_word' id='word_1_79' title='bbox 313 1195 543 1237; x_wconf 85' lang='lat' dir='ltr'>testatur:</span> <span class='ocrx_word' id='word_1_80' title='bbox 582 1191 613 1213; x_wconf 84' lang='lat'><em>“</em></span> <span class='ocrx_word' id='word_1_81' title='bbox 630 1184 816 1253; x_wconf 75' lang='grc' dir='ltr'>χέραδος</span> <span class='ocrx_word' id='word_1_82' title='bbox 840 1185 1012 1240; x_wconf 69' lang='grc' dir='ltr'>Ῐλιᾱὸος</span> <span class='ocrx_word' id='word_1_83' title='bbox 1034 1193 1075 1236; x_wconf 86' lang='grc' dir='ltr'><strong>Φ</strong></span> <span class='ocrx_word' id='word_1_84' title='bbox 1101 1189 1157 1238; x_wconf 79' lang='grc' dir='ltr'>ὥς</span> <span class='ocrx_word' id='word_1_85' title='bbox 1185 1186 1367 1248; x_wconf 77' lang='grc' dir='ltr'><em>κιναδος,</em></span> <span class='ocrx_word' id='word_1_86' title='bbox 1402 1187 1633 1255; x_wconf 76' lang='grc' dir='ltr'>ουδὲτερον</span> <span class='ocrx_word' id='word_1_87' title='bbox 1656 1209 1752 1254; x_wconf 64' lang='grc' dir='ltr'>’γαρ</span> <span class='ocrx_word' id='word_1_88' title='bbox 1802 1195 1805 1197; x_wconf 66' lang='grc'><strong>’</strong></span> 
     </span>
     <span class='ocr_line' id='line_1_18' title="bbox 312 1263 1754 1331; baseline -0.002 -14"><span class='ocrx_word' id='word_1_89' title='bbox 312 1289 579 1318; x_wconf 79' lang='grc' dir='ltr'>εστι--και</span> <span class='ocrx_word' id='word_1_90' title='bbox 613 1264 946 1331; x_wconf 62' lang='grc' dir='ltr'>Πινδαροςτην</span> <span class='ocrx_word' id='word_1_91' title='bbox 979 1263 1151 1324; x_wconf 68' lang='grc' dir='ltr'>δοτικην</span> <span class='ocrx_word' id='word_1_92' title='bbox 1183 1289 1296 1325; x_wconf 71' lang='lat' dir='ltr'>eme,</span> <span class='ocrx_word' id='word_1_93' title='bbox 1346 1274 1594 1316; x_wconf 88' lang='grc' dir='ltr'>ΧΕΡΑΔΕΙ</span> <span class='ocrx_word' id='word_1_94' title='bbox 1622 1274 1754 1314; x_wconf 84' lang='grc' dir='ltr'>ΣΠΟ-</span> 
     </span>
     <span class='ocr_line' id='line_1_19' title="bbox 313 1340 1750 1411; baseline -0.006 -16"><span class='ocrx_word' id='word_1_95' title='bbox 313 1350 511 1396; x_wconf 83' lang='grc' dir='ltr'>ΔΕΩΝ.”</span> <span class='ocrx_word' id='word_1_96' title='bbox 567 1343 679 1411; x_wconf 82' lang='lat' dir='ltr'>[Fr.</span> <span class='ocrx_word' id='word_1_97' title='bbox 707 1340 934 1409; x_wconf 61' lang='lat' dir='ltr'>cxxxt]</span> <span class='ocrx_word' id='word_1_98' title='bbox 1001 1343 1214 1393; x_wconf 89' lang='lat' dir='ltr'>Multum</span> <span class='ocrx_word' id='word_1_99' title='bbox 1248 1344 1387 1393; x_wconf 84' lang='lat' dir='ltr'>abest</span> <span class='ocrx_word' id='word_1_100' title='bbox 1421 1349 1475 1390; x_wconf 90' lang='lat' dir='ltr'>ut</span> <span class='ocrx_word' id='word_1_101' title='bbox 1497 1357 1607 1390; x_wconf 87' lang='lat' dir='ltr'>cum</span> <span class='ocrx_word' id='word_1_102' title='bbox 1629 1341 1750 1388; x_wconf 81' lang='lat' dir='ltr'><strong>Bar·</strong></span> 
     </span>
     <span class='ocr_line' id='line_1_20' title="bbox 312 1420 1752 1487; baseline -0.005 -16"><span class='ocrx_word' id='word_1_103' title='bbox 312 1422 448 1471; x_wconf 90' lang='lat' dir='ltr'>nesio</span> <span class='ocrx_word' id='word_1_104' title='bbox 471 1422 737 1470; x_wconf 86' lang='lat' dir='ltr'>existimem</span> <span class='ocrx_word' id='word_1_105' title='bbox 772 1420 1101 1487; x_wconf 83' lang='lat' dir='ltr'>etymologum</span> <span class='ocrx_word' id='word_1_106' title='bbox 1135 1422 1266 1469; x_wconf 84' lang='lat' dir='ltr'>hunc</span> <span class='ocrx_word' id='word_1_107' title='bbox 1299 1422 1351 1469; x_wconf 87' lang='lat' dir='ltr'>in</span> <span class='ocrx_word' id='word_1_108' title='bbox 1387 1433 1485 1485; x_wconf 87' lang='lat' dir='ltr'>quo</span> <span class='ocrx_word' id='word_1_109' title='bbox 1506 1430 1752 1467; x_wconf 77' lang='lat' dir='ltr'><strong>versamur</strong></span> 
     </span>
     <span class='ocr_line' id='line_1_21' title="bbox 311 1490 1751 1563; baseline -0.001 -18"><span class='ocrx_word' id='word_1_110' title='bbox 311 1494 513 1546; x_wconf 85' lang='lat' dir='ltr'>Pindari</span> <span class='ocrx_word' id='word_1_111' title='bbox 534 1496 694 1545; x_wconf 84' lang='lat' dir='ltr'>locum·</span> <span class='ocrx_word' id='word_1_112' title='bbox 717 1497 999 1560; x_wconf 78' lang='lat' dir='ltr'><strong>respexisse.</strong></span> <span class='ocrx_word' id='word_1_113' title='bbox 1059 1490 1255 1563; x_wconf 83' lang='lat' dir='ltr'>Neque&#39;</span> <span class='ocrx_word' id='word_1_114' title='bbox 1275 1497 1405 1558; x_wconf 84' lang='lat' dir='ltr'>e&#39;nim</span> <span class='ocrx_word' id='word_1_115' title='bbox 1433 1493 1540 1546; x_wconf 79' lang='lat' dir='ltr'>leve</span> <span class='ocrx_word' id='word_1_116' title='bbox 1561 1502 1636 1544; x_wconf 87' lang='lat' dir='ltr'>est</span> <span class='ocrx_word' id='word_1_117' title='bbox 1657 1495 1751 1544; x_wconf 79' lang='lat' dir='ltr'>dis·</span> 
     </span>
     <span class='ocr_line' id='line_1_22' title="bbox 308 1569 1751 1639; baseline 0 -19"><span class='ocrx_word' id='word_1_118' title='bbox 308 1572 493 1621; x_wconf 86' lang='lat' dir='ltr'>crimen</span> <span class='ocrx_word' id='word_1_119' title='bbox 538 1573 667 1621; x_wconf 89' lang='lat' dir='ltr'>inter</span> <span class='ocrx_word' id='word_1_120' title='bbox 704 1569 924 1631; x_wconf 76' lang='grc' dir='ltr'><em>σποδεων,</em></span> <span class='ocrx_word' id='word_1_121' title='bbox 972 1574 1103 1638; x_wconf 87' lang='lat' dir='ltr'>quod</span> <span class='ocrx_word' id='word_1_122' title='bbox 1142 1571 1307 1622; x_wconf 81' lang='lat' dir='ltr'>laudat</span> <span class='ocrx_word' id='word_1_123' title='bbox 1345 1572 1665 1639; x_wconf 75' lang='lat' dir='ltr'>etymologus,</span> <span class='ocrx_word' id='word_1_124' title='bbox 1701 1577 1751 1620; x_wconf 88' lang='lat' dir='ltr'>et</span> 
     </span>
     <span class='ocr_line' id='line_1_23' title="bbox 307 1646 1750 1715; baseline 0 -19"><span class='ocrx_word' id='word_1_125' title='bbox 307 1667 586 1705; x_wconf 75' lang='grc' dir='ltr'>τυπτομενος</span> <span class='ocrx_word' id='word_1_126' title='bbox 623 1649 755 1714; x_wconf 91' lang='lat' dir='ltr'>quod</span> <span class='ocrx_word' id='word_1_127' title='bbox 788 1649 871 1696; x_wconf 41' lang='lat' dir='ltr'>‘hic</span> <span class='ocrx_word' id='word_1_128' title='bbox 907 1649 1103 1715; x_wconf 82' lang='lat' dir='ltr'>iegitur.</span> <span class='ocrx_word' id='word_1_129' title='bbox 1173 1649 1485 1698; x_wconf 88' lang='lat' dir='ltr'>Commodius</span> <span class='ocrx_word' id='word_1_130' title='bbox 1528 1646 1750 1712; x_wconf 75' lang='lat' dir='ltr'>profecto</span> 
     </span>
     <span class='ocr_line' id='line_1_24' title="bbox 306 1723 1749 1791; baseline -0.001 -16"><span class='ocrx_word' id='word_1_131' title='bbox 306 1725 439 1775; x_wconf 80' lang='lat' dir='ltr'>hunc</span> <span class='ocrx_word' id='word_1_132' title='bbox 469 1726 633 1777; x_wconf 85' lang='lat' dir='ltr'>locum</span> <span class='ocrx_word' id='word_1_133' title='bbox 662 1727 904 1775; x_wconf 74' lang='lat' dir='ltr'>adducere</span> <span class='ocrx_word' id='word_1_134' title='bbox 933 1727 1194 1791; x_wconf 79' lang='lat' dir='ltr'>potuisset3</span> <span class='ocrx_word' id='word_1_135' title='bbox 1233 1727 1410 1791; x_wconf 76' lang='lat' dir='ltr'>quippe</span> <span class='ocrx_word' id='word_1_136' title='bbox 1433 1726 1549 1774; x_wconf 83' lang='lat' dir='ltr'>iuud</span> <span class='ocrx_word' id='word_1_137' title='bbox 1569 1723 1749 1791; x_wconf 63' lang='grc' dir='ltr'>χεραδει</span> 
     </span>
     <span class='ocr_line' id='line_1_25' title="bbox 305 1799 1746 1867; baseline -0.001 -16"><span class='ocrx_word' id='word_1_138' title='bbox 305 1799 506 1851; x_wconf 75' lang='grc' dir='ltr'>σποδεωυ</span> <span class='ocrx_word' id='word_1_139' title='bbox 536 1808 735 1850; x_wconf 82' lang='lat' dir='ltr'>rectene</span> <span class='ocrx_word' id='word_1_140' title='bbox 768 1802 1009 1855; x_wconf 78' lang='lat' dir='ltr'><strong>scribatur</strong></span> <span class='ocrx_word' id='word_1_141' title='bbox 1040 1818 1106 1850; x_wconf 84' lang='lat' dir='ltr'>an</span> <span class='ocrx_word' id='word_1_142' title='bbox 1139 1802 1299 1866; x_wconf 83' lang='lat' dir='ltr'>potius</span> <span class='ocrx_word' id='word_1_143' title='bbox 1333 1799 1487 1867; x_wconf 71' lang='grc' dir='ltr'>χεραδι</span> <span class='ocrx_word' id='word_1_144' title='bbox 1507 1808 1746 1865; x_wconf 77' lang='lat' dir='ltr'>oporteat,</span> 
     </span>
     <span class='ocr_line' id='line_1_26' title="bbox 306 1875 1748 1944; baseline 0 -18"><span class='ocrx_word' id='word_1_145' title='bbox 306 1878 446 1926; x_wconf 84' lang='lat' dir='ltr'>sileat</span> <span class='ocrx_word' id='word_1_146' title='bbox 484 1894 683 1926; x_wconf 89' lang='lat' dir='ltr'>necesse</span> <span class='ocrx_word' id='word_1_147' title='bbox 722 1885 796 1926; x_wconf 92' lang='lat' dir='ltr'>est</span> <span class='ocrx_word' id='word_1_148' title='bbox 833 1894 998 1927; x_wconf 88' lang='lat' dir='ltr'>versus</span> <span class='ocrx_word' id='word_1_149' title='bbox 1038 1894 1278 1936; x_wconf 84' lang='lat' dir='ltr'>mensura,</span> <span class='ocrx_word' id='word_1_150' title='bbox 1319 1894 1430 1944; x_wconf 85' lang='lat' dir='ltr'>quae</span> <span class='ocrx_word' id='word_1_151' title='bbox 1458 1875 1635 1944; x_wconf 76' lang='grc' dir='ltr'>χεραδει</span> <span class='ocrx_word' id='word_1_152' title='bbox 1669 1878 1748 1926; x_wconf 93' lang='lat' dir='ltr'>hic</span> 
     </span>
     <span class='ocr_line' id='line_1_27' title="bbox 305 1949 1748 2020; baseline -0.002 -15"><span class='ocrx_word' id='word_1_153' title='bbox 305 1954 614 2005; x_wconf 73' lang='lat' dir='ltr'>scribendum</span> <span class='ocrx_word' id='word_1_154' title='bbox 655 1971 759 2003; x_wconf 86' lang='lat' dir='ltr'>esse</span> <span class='ocrx_word' id='word_1_155' title='bbox 799 1949 988 2003; x_wconf 72' lang='lat' dir='ltr'>clamat⁴</span> <span class='ocrx_word' id='word_1_156' title='bbox 1064 1954 1221 2004; x_wconf 88' lang='lat' dir='ltr'>Porro</span> <span class='ocrx_word' id='word_1_157' title='bbox 1261 1955 1391 2020; x_wconf 90' lang='lat' dir='ltr'>quod</span> <span class='ocrx_word' id='word_1_158' title='bbox 1436 1954 1576 2003; x_wconf 87' lang='lat' dir='ltr'>metri</span> <span class='ocrx_word' id='word_1_159' title='bbox 1619 1953 1748 2019; x_wconf 83' lang='lat' dir='ltr'>apud</span> 
     </span>
     <span class='ocr_line' id='line_1_28' title="bbox 308 2031 1747 2098; baseline -0.001 -15"><span class='ocrx_word' id='word_1_160' title='bbox 308 2031 590 2092; x_wconf 80' lang='lat' dir='ltr'>Pindarum,</span> <span class='ocrx_word' id='word_1_161' title='bbox 646 2033 773 2081; x_wconf 84' lang='lat' dir='ltr'>idem</span> <span class='ocrx_word' id='word_1_162' title='bbox 830 2039 1089 2098; x_wconf 84' lang='lat' dir='ltr'><strong>syntaxeos</strong></span> <span class='ocrx_word' id='word_1_163' title='bbox 1140 2033 1269 2097; x_wconf 85' lang='lat' dir='ltr'>apud</span> <span class='ocrx_word' id='word_1_164' title='bbox 1311 2031 1578 2082; x_wconf 85' lang='lat' dir='ltr'>Homerum</span> <span class='ocrx_word' id='word_1_165' title='bbox 1623 2032 1747 2081; x_wconf 83' lang='lat' dir='ltr'>ratio</span> 
     </span>
     <span class='ocr_line' id='line_1_29' title="bbox 308 2110 1746 2175; baseline -0.002 -16"><span class='ocrx_word' id='word_1_166' title='bbox 308 2111 574 2159; x_wconf 77' lang='lat' dir='ltr'>confirmat.</span> <span class='ocrx_word' id='word_1_167' title='bbox 656 2110 850 2160; x_wconf 85' lang='lat' dir='ltr'>Etenim</span> <span class='ocrx_word' id='word_1_168' title='bbox 895 2127 959 2159; x_wconf 28' lang='lat' dir='ltr'>*ne</span> <span class='ocrx_word' id='word_1_169' title='bbox 1005 2110 1154 2159; x_wconf 87' lang='lat' dir='ltr'>semel</span> <span class='ocrx_word' id='word_1_170' title='bbox 1198 2110 1391 2175; x_wconf 87' lang='lat' dir='ltr'>quidem</span> <span class='ocrx_word' id='word_1_171' title='bbox 1436 2110 1581 2174; x_wconf 57' lang='lat' dir='ltr'>apud«</span> <span class='ocrx_word' id='word_1_172' title='bbox 1614 2110 1746 2157; x_wconf 91' lang='lat' dir='ltr'>hunc</span> 
     </span>
     <span class='ocr_line' id='line_1_30' title="bbox 305 2187 1746 2254; baseline 0.001 -19"><span class='ocrx_word' id='word_1_173' title='bbox 305 2188 602 2236; x_wconf 72' lang='lat' dir='ltr'>construitur</span> <span class='ocrx_word' id='word_1_174' title='bbox 644 2204 738 2236; x_wconf 84' lang='lat' dir='ltr'>vox</span> <span class='ocrx_word' id='word_1_175' title='bbox 782 2188 881 2239; x_wconf 81' lang='grc' dir='ltr'>α’λις</span> <span class='ocrx_word' id='word_1_176' title='bbox 934 2203 1044 2236; x_wconf 85' lang='lat' dir='ltr'>eum</span> <span class='ocrx_word' id='word_1_177' title='bbox 1089 2187 1318 2253; x_wconf 85' lang='lat' dir='ltr'>genitivo.</span> <span class='ocrx_word' id='word_1_178' title='bbox 1400 2188 1605 2240; x_wconf 85' lang='lat' dir='ltr'>Accedit</span> <span class='ocrx_word' id='word_1_179' title='bbox 1642 2205 1746 2254; x_wconf 48' lang='lat' dir='ltr'>‘quo</span> 
     </span>
     <span class='ocr_line' id='line_1_31' title="bbox 307 2261 1747 2329; baseline 0.001 -19"><span class='ocrx_word' id='word_1_180' title='bbox 307 2264 464 2311; x_wconf 90' lang='lat' dir='ltr'>minus</span> <span class='ocrx_word' id='word_1_181' title='bbox 502 2261 683 2329; x_wconf 79' lang='grc' dir='ltr'>χεραδος</span> <span class='ocrx_word' id='word_1_182' title='bbox 724 2261 1039 2312; x_wconf 85' lang='lat' dir='ltr'>Homericum</span> <span class='ocrx_word' id='word_1_183' title='bbox 1079 2263 1141 2311; x_wconf 87' lang='lat' dir='ltr'>sit</span> <span class='ocrx_word' id='word_1_184' title='bbox 1181 2278 1319 2310; x_wconf 83' lang='lat' dir='ltr'>casus</span> <span class='ocrx_word' id='word_1_185' title='bbox 1359 2263 1575 2329; x_wconf 84' lang='lat' dir='ltr'>genitivi,</span> <span class='ocrx_word' id='word_1_186' title='bbox 1615 2264 1747 2329; x_wconf 89' lang='lat' dir='ltr'>quod</span> 
     </span>
     <span class='ocr_line' id='line_1_32' title="bbox 306 2340 1743 2407; baseline 0.001 -18"><span class='ocrx_word' id='word_1_187' title='bbox 306 2348 535 2406; x_wconf 83' lang='lat' dir='ltr'>sequatur</span> <span class='ocrx_word' id='word_1_188' title='bbox 557 2343 608 2390; x_wconf 92' lang='lat' dir='ltr'>in</span> <span class='ocrx_word' id='word_1_189' title='bbox 640 2342 808 2390; x_wconf 81' lang='lat' dir='ltr'>eadem</span> <span class='ocrx_word' id='word_1_190' title='bbox 844 2340 1086 2390; x_wconf 79' lang='lat' dir='ltr'>sententia</span> <span class='ocrx_word' id='word_1_191' title='bbox 1118 2356 1211 2388; x_wconf 88' lang='lat' dir='ltr'>vox</span> <span class='ocrx_word' id='word_1_192' title='bbox 1243 2362 1410 2405; x_wconf 83' lang='grc' dir='ltr'><em>μυριον,</em></span> <span class='ocrx_word' id='word_1_193' title='bbox 1451 2356 1560 2407; x_wconf 88' lang='lat' dir='ltr'>quae</span> <span class='ocrx_word' id='word_1_194' title='bbox 1584 2356 1743 2407; x_wconf 90' lang='lat' dir='ltr'>neque</span> 
     </span>
     <span class='ocr_line' id='line_1_33' title="bbox 306 2415 1743 2484; baseline 0.001 -20"><span class='ocrx_word' id='word_1_195' title='bbox 306 2415 626 2465; x_wconf 78' lang='lat' dir='ltr'>*adverbium</span> <span class='ocrx_word' id='word_1_196' title='bbox 671 2415 890 2465; x_wconf 81' lang='lat' dir='ltr'>adhiberi</span> <span class='ocrx_word' id='word_1_197' title='bbox 948 2431 1039 2464; x_wconf 87' lang='lat' dir='ltr'>nec</span> <span class='ocrx_word' id='word_1_198' title='bbox 1083 2430 1193 2463; x_wconf 92' lang='lat' dir='ltr'>cum</span> <span class='ocrx_word' id='word_1_199' title='bbox 1237 2416 1455 2483; x_wconf 85' lang='lat' dir='ltr'>genitivo</span> <span class='ocrx_word' id='word_1_200' title='bbox 1510 2417 1743 2484; x_wconf 84' lang='lat' dir='ltr'>conjungi</span> 
     </span>
     <span class='ocr_line' id='line_1_34' title="bbox 304 2500 477 2561; baseline -0.013 -19"><span class='ocrx_word' id='word_1_201' title='bbox 304 2500 477 2561; x_wconf 86' lang='lat' dir='ltr'>potest.</span> 
     </span>
    </p>

    <p class='ocr_par' dir='ltr' id='par_1_12' title="bbox 302 2542 1740 2862">
     <span class='ocr_line' id='line_1_35' title="bbox 371 2542 1740 2634; baseline -0.001 -15"><span class='ocrx_word' id='word_1_202' title='bbox 371 2569 602 2634; x_wconf 82' lang='lat' dir='ltr'>Demque</span> <span class='ocrx_word' id='word_1_203' title='bbox 635 2569 753 2617; x_wconf 75' lang='lat' dir='ltr'>illu-d</span> <span class='ocrx_word' id='word_1_204' title='bbox 784 2590 938 2624; x_wconf 76' lang='grc' dir='ltr'>ανεμος</span> <span class='ocrx_word' id='word_1_205' title='bbox 969 2565 1123 2633; x_wconf 69' lang='grc' dir='ltr'>χεραδι</span> <span class='ocrx_word' id='word_1_206' title='bbox 1146 2591 1435 2628; x_wconf 62' lang='lat' dir='ltr'>run-roncum,</span> <span class='ocrx_word' id='word_1_207' title='bbox 1470 2542 1601 2634; x_wconf 59' lang='lat' dir='ltr'>qliod</span> <span class='ocrx_word' id='word_1_208' title='bbox 1630 2584 1740 2618; x_wconf 81' lang='lat' dir='ltr'>cum</span> 
     </span>
     <span class='ocr_line' id='line_1_36' title="bbox 304 2645 1743 2712; baseline -0.001 -17"><span class='ocrx_word' id='word_1_209' title='bbox 304 2645 468 2712; x_wconf 80' lang='lat' dir='ltr'>vulgg</span> <span class='ocrx_word' id='word_1_210' title='bbox 504 2652 821 2709; x_wconf 71' lang='lat' dir='ltr'>repraesentat</span> <span class='ocrx_word' id='word_1_211' title='bbox 855 2645 1002 2692; x_wconf 85' lang='lat' dir='ltr'>editio</span> <span class='ocrx_word' id='word_1_212' title='bbox 1038 2645 1197 2692; x_wconf 86' lang='lat' dir='ltr'>Oxon.</span> <span class='ocrx_word' id='word_1_213' title='bbox 1241 2646 1356 2710; x_wconf 86' lang='lat' dir='ltr'>quid</span> <span class='ocrx_word' id='word_1_214' title='bbox 1395 2645 1600 2694; x_wconf 87' lang='lat' dir='ltr'>obsecro</span> <span class='ocrx_word' id='word_1_215' title='bbox 1631 2661 1743 2710; x_wconf 88' lang='lat' dir='ltr'>por-</span> 
     </span>
     <span class='ocr_line' id='line_1_37' title="bbox 302 2718 1738 2784; baseline -0.001 -14"><span class='ocrx_word' id='word_1_216' title='bbox 302 2721 426 2770; x_wconf 87' lang='lat' dir='ltr'>tenti</span> <span class='ocrx_word' id='word_1_217' title='bbox 444 2718 549 2768; x_wconf 82' lang='lat' dir='ltr'>est?</span> <span class='ocrx_word' id='word_1_218' title='bbox 574 2720 839 2784; x_wconf 70' lang='lat' dir='ltr'>E&#39;xponunt</span> <span class='ocrx_word' id='word_1_219' title='bbox 856 2719 1049 2784; x_wconf 87' lang='lat' dir='ltr'>quidem</span> <span class='ocrx_word' id='word_1_220' title='bbox 1066 2725 1245 2768; x_wconf 81' lang='lat' dir='ltr'>ventus</span> <span class='ocrx_word' id='word_1_221' title='bbox 1260 2719 1441 2784; x_wconf 85' lang='lat' dir='ltr'><em>glarea</em></span> <span class='ocrx_word' id='word_1_222' title='bbox 1458 2720 1738 2783; x_wconf 77' lang='lat' dir='ltr'>perculsus.</span> 
     </span>
     <span class='ocr_line' id='line_1_38' title="bbox 304 2792 1740 2862; baseline -0.002 -15"><span class='ocrx_word' id='word_1_223' title='bbox 304 2799 415 2847; x_wconf 86' lang='lat' dir='ltr'>Hoc</span> <span class='ocrx_word' id='word_1_224' title='bbox 464 2812 577 2846; x_wconf 86' lang='lat' dir='ltr'>vero</span> <span class='ocrx_word' id='word_1_225' title='bbox 640 2795 1020 2861; x_wconf 87' lang='lat' dir='ltr'>quotusquisque</span> <span class='ocrx_word' id='word_1_226' title='bbox 1076 2792 1346 2862; x_wconf 79' lang='lat' dir='ltr'>intelligit?</span> <span class='ocrx_word' id='word_1_227' title='bbox 1412 2794 1508 2843; x_wconf 92' lang='lat' dir='ltr'>Alii</span> <span class='ocrx_word' id='word_1_228' title='bbox 1563 2800 1740 2844; x_wconf 82' lang='lat' dir='ltr'>ventus</span> 
     </span>
    </p>
   </div>
  </div>
 </body>
</html>
