1864 3132
930 184 997 231 14

239 305 331 342 424.
352 295 592 350 Brontesque,
614 298 868 344 Steropesque,
890 294 927 328 et
990 301 1045 326 me
1061 288 1181 326 virtus
1199 292 1318 326 tamen
1337 294 1374 326 et
1396 293 1544 338 sperata
1558 287 1686 340 volup-

239 368 358 406 nudus
376 367 532 405 membra
543 364 764 415 pyracmon,
774 381 830 388 -
842 357 930 395 AEn.
990 359 1271 404 tas—spectata
1283 354 1455 392 voluntas
1465 353 1512 392 R.
1521 354 1587 400 B.;
1604 354 1684 392 vid.

244 442 306 479 vx,
322 430 413 470 686.
433 436 455 454 ‘⁴
468 441 555 467 sane
570 424 750 476 Virgilius
761 421 930 472 scripsit:

990 419 1091 457 Add.
1105 418 1213 458 Statii
1223 418 1342 457 Theb.
1357 431 1386 466 1,
1397 417 1490 459 655.
1516 420 1581 462 sed
1595 419 1686 470 quid

239 494 443 533 *Venisti
459 492 602 530 tandem
617 495 751 539 tuaque
766 489 934 537 spectata
977 482 1102 536 fando
1114 489 1180 521 tua
1190 484 1264 522 tela
1274 498 1469 536 manusque
1475 484 1684 523 Demororss

236 558 387 610 parenti
411 555 511 594 Vicit
525 554 599 592 iter
616 553 746 591 durum
757 549 927 601 pietas—
991 553 1208 598 exspectant
1250 553 1398 595 matres,
1451 561 1687 599 supremaque

245 621 404 660 Ovidius
428 619 539 669 [Met.
560 628 657 655 xw.
678 614 803 666 109.]:
826 610 934 650 -Hinc
980 611 1152 665 fundunt
1190 610 1288 650 Vota
1322 611 1421 650 milti.
1451 611 1539 651 MS.
1573 611 1686 650 Cant.

243 690 348 724 satus
359 684 498 721 AEneas
521 682 676 733 [Immo,
690 679 859 717 Dextera
867 686 937 726 per
994 683 1060 716 tua
1076 677 1247 716 demoror
1263 690 1371 715 arma
1388 679 1514 728 Atque
1531 690 1686 716 manus:

231 748 399 802 ferrum]
415 746 538 797 pietas
555 749 724 796 spectata
736 756 807 793 per
819 742 936 793 ignes.
995 745 1164 791 spectant
1181 764 1237 771 —-
1250 741 1391 779 Achill.
1414 753 1466 787 11,
1485 745 1577 780 411.
1601 741 1689 791 Ipse

247 812 455 864 Magistelli
481 811 619 862 spinosi
646 813 858 860 exspectata
887 805 939 856 [et

247 875 398 927 Virgilii
425 875 568 914 codices
595 875 668 913 duo
687 873 863 924 Cantab]
891 870 941 908 le-

246 947 352 993 gunt,
396 947 544 992 propter
579 940 781 992 syllabam,
827 948 941 988 quam

249 1004 382 1043 nolunt
398 1005 576 1055 positione
594 1002 758 1054 sequenti
780 1000 943 1052 produci.

251 1069 331 1107 Alii
356 1082 444 1108 vero
471 1068 675 1120 magistelli
703 1067 863 1118 zelotypi
893 1066 946 1103 di-

251 1140 340 1173 cunt
384 1135 512 1185 palam
556 1135 595 1173 in
645 1134 721 1173 suis
765 1131 946 1184 suggestis

251 1203 393 1236 veteres
439 1211 581 1249 quoque
633 1203 825 1248 expectata
881 1208 947 1245 pro

251 1266 421 1310 spectata
438 1263 586 1301 dixisse.
605 1262 692 1313 quid
703 1268 783 1300 tum
798 1263 949 1311 postea?

252 1326 450 1364 ostendant
472 1326 567 1364 mihi
594 1331 824 1375 expectatum
851 1326 948 1375 apud

258 1390 461 1442 Virgilium
505 1404 584 1430 esse
628 1404 695 1441 pro
733 1396 948 1441 spectatum.

259 1456 436 1507 Alioquin
462 1458 601 1495 scimus
628 1470 760 1494 verum
795 1469 873 1495 esse
907 1469 950 1493 eo

258 1533 401 1571 quoque
436 1521 548 1559 modo
594 1533 701 1571 posse
739 1521 822 1559 dici.
880 1520 951 1558 Sed

259 1585 347 1636 quid
381 1584 544 1624 facerent
573 1586 767 1636 paedagogi
794 1585 826 1623 si
861 1583 953 1623 nihil

260 1650 450 1697 haberent,
466 1650 563 1701 quod
574 1649 752 1689 latrarent
758 1651 789 1688 ?”
815 1648 953 1699 Scalig.

262 1713 310 1750 ad
330 1712 469 1750 Catull.
498 1726 534 1763 p.
557 1717 685 1751 103:
702 1712 790 1752 116.
829 1713 955 1750 Nemo

260 1776 458 1826 vulgatam
470 1790 518 1815 ex
527 1779 612 1817 AEn.
627 1790 676 1815 11.
688 1782 779 1816 282.
791 1782 955 1815 tutatum

262 1841 343 1880 ibit.
372 1843 460 1880 AEn.
483 1854 565 1889 vn,
596 1847 684 1881 150.
722 1847 806 1880 sunt
834 1841 956 1888 animi,

265 1911 303 1943 et
333 1907 438 1944 rebus
468 1912 634 1956 spectata
655 1909 849 1958 juventus.
892 1918 957 1944 1x.

267 1973 358 2008 235.
387 1982 474 2007 neve
492 1970 566 2008 haec
584 1972 720 2009 nostris
751 1976 960 2021 spectentur

267 2034 313 2072 ab
338 2034 443 2071 annis
469 2034 562 2073 Hor.
583 2036 702 2086 Epist.
722 2049 773 2084 11,
806 2037 831 2084 i,
868 2041 958 2075 230.

269 2098 351 2137 belli
394 2104 562 2149 spectata
605 2102 768 2152 domique
819 2101 960 2148 Virtus,

271 2163 387 2201 ovid.
405 2165 569 2203 Trist..1.
586 2179 624 2203 v.
647 2170 710 2205 25.
750 2166 902 2205 Scilicet
919 2171 961 2204 ut

258 2227 409 2283 fulvum
427 2235 616 2279 spectatur
631 2231 670 2269 in
679 2232 823 2284 ignibus
834 2245 963 2270 aurum

275 2293 390 2331 Ovid.
406 2294 500 2333 Met.
523 2308 609 2343 x11,
635 2302 722 2335 184.
769 2298 963 2336 Nestor-

271 2357 470 2410 Multaque
480 2373 534 2397 me
538 2361 702 2414 fugiant
715 2363 847 2412 primis
863 2375 965 2413 spec-

271 2429 355 2463 tata
371 2426 436 2463 sub
451 2427 566 2465 annis.
587 2429 659 2466 Sed
676 2429 714 2466 in
733 2430 827 2468 Stat.
844 2429 964 2468 Theb.

272 2487 365 2534 760.
374 2494 399 2513 “
408 2490 647 2542 ineptePylioe
654 2499 807 2532 senecta·
815 2509 825 2533 2
833 2494 967 2545 quippe

273 2559 356 2594 tum
373 2557 552 2606 temporis
568 2558 723 2595 nondum
739 2563 828 2596 nota
839 2558 967 2610 Pylas,

260 2620 484 2672 juvenisque
503 2627 614 2660 oetate
639 2623 796 2661 secunda
813 2623 967 2670 Nestor,

277 2695 340 2732 lv,
362 2684 470 2728 127.”
499 2684 548 2722 R.
561 2685 606 2722 Β.
636 2685 875 2724 Vocabulum
894 2686 965 2724 hoc

276 2749 404 2788 crebro
437 2749 483 2788 de
518 2762 587 2788 sua
616 2751 700 2789 sede
727 2751 968 2789 detrudebant

275 2814 440 2855 librarii:
469 2813 616 2855 Lucret.
637 2827 667 2863 1,
689 2818 775 2853 141.
813 2816 884 2855 Sed
903 2821 967 2855 tua

997 805 1122 843 sedens
1150 811 1255 843 vasto
1285 805 1406 856 facta
1450 807 1692 855 exspectabat

1000 872 1044 910 ab
1074 876 1195 918 antro,
1229 883 1319 908 num
1347 871 1538 920 spectabat
1568 871 1616 908 R.
1644 871 1691 909 B.

1003 937 1084 976 Cic.
1104 937 1214 975 Orat.
1232 936 1270 973 in
1284 936 1414 975 Caecil.
1432 940 1470 980 7.
1498 935 1693 975 accusanda·

1002 1003 1171 1041 voluntas
1199 1002 1248 1040 ad
1271 1003 1369 1041 viros
1383 1002 1527 1055 fortes,
1547 1008 1695 1052 specta·

1004 1074 1133 1120 tosque
1157 1069 1325 1115 homines,
1358 1069 1541 1106 translata
1557 1067 1620 1105 sit.
1649 1067 1694 1104 de
1760 1071 1767 1077 '

1006 1135 1117 1173 Orat.
1146 1146 1198 1171 11.
1233 1133 1378 1171 lxxviii.
1392 1156 1448 1162 -—-
1463 1138 1599 1183 quanto
1632 1132 1698 1170 hoc

1005 1199 1124 1250 magis
1147 1198 1187 1235 in
1209 1198 1375 1236 oratione
1396 1194 1699 1247 exspectandum,

1007 1264 1046 1301 in
1057 1276 1130 1314 qua
1139 1276 1211 1301 non
1221 1262 1277 1300 vis
1283 1262 1423 1312 po'tz'us,
1433 1262 1498 1299 sed
1507 1260 1700 1299 delectatio

1004 1329 1228 1379 postulatur.
1274 1326 1595 1378 Wyttenbachius,
1640 1324 1701 1363 vel

1009 1394 1195 1432 omnibus.
1211 1392 1313 1430 libris
1348 1391 1486 1438 invitis,
1519 1396 1576 1429 est
1601 1402 1704 1440 spec-

1011 1458 1161 1496 tandum
1178 1456 1303 1506 reponi
1325 1455 1420 1494 vult.
1441 1454 1539 1493 Bibl.
1559 1450 1654 1493 Crit.
1671 1465 1704 1502 1,

1013 1527 1078 1567 21,
1096 1525 1133 1559 2.
1163 1520 1255 1559 Ibid.
1275 1531 1347 1558 111.
1364 1519 1401 1558 ii.
1441 1518 1516 1557 Illa
1533 1523 1706 1569 tanquam

1014 1599 1147 1637 cycnea
1160 1585 1248 1638 fuit
1270 1584 1384 1623 divini
1411 1583 1564 1623 hominis
1579 1594 1651 1621 vox
1668 1587 1706 1621 ct

1015 1651 1148 1699 oratio,
1183 1663 1291 1702 quam
1317 1649 1423 1701 quasi
1450 1653 1706 1700 exspectantes

1011 1722 1099 1767 post
1117 1718 1198 1768 ejus
1216 1715 1407 1753 interitum
1426 1714 1652 1752 veniebamus
1667 1713 1708 1751 in

1016 1781 1167 1828 curiam,
1185 1786 1228 1818 ut
1242 1779 1436 1831 vestigium
1462 1779 1555 1817 illud
1579 1779 1709 1829 ipsum,

1015 1847 1055 1885 in
1073 1859 1144 1897 quo
1164 1846 1225 1883 ille
1247 1850 1471 1896 postremum
1497 1844 1708 1891 institisset,

1017 1917 1278 1950 contueremur.
1325 1910 1513 1949 Gesnerus
1546 1921 1632 1948 vere
1672 1914 1713 1948 et

1018 1977 1204 2028 eleganter
1229 1976 1378 2026 corrigit
1407 1980 1640 2025 exceptantes
1654 1996 1711 2006 -ο-

1020 2044 1076 2080 At
1110 2042 1373 2080 correctionem
1407 2053 1482 2078 non
1526 2044 1713 2079 memorat
1764 2080 1769 2085 ,

1021 2107 1212 2144 Emestus.
1259 2106 1450 2156 Wyttenb.
1495 2105 1583 2144 ibid.
1615 2104 1660 2143 P.
1681 2116 1711 2144 1.

1021 2168 1085 2210 26.
1129 2171 1213 2208 Sen.
1233 2169 1347 2207 Herc.
1367 2170 1452 2220 Fur.
1479 2168 1571 2214 765.
1600 2169 1715 2208 Pavi-

1021 2233 1153 2284 dosque
1191 2245 1312 2270 manes
1355 2232 1558 2283 squallidus
1592 2236 1715 2285 gestat

1019 2311 1128 2336 senex
1139 2321 1194 2327 —-
1205 2299 1379 2336 emendat
1396 2298 1608 2346 Withofius,
1625 2297 1718 2337 vali-

1022 2362 1089 2399 dus
1106 2367 1294 2411 exspectat
1311 2375 1436 2410 senex,
1454 2367 1507 2411 ut,
1525 2359 1714 2401 crudade'o

1022 2427 1220 2478 viridisque
1244 2434 1413 2467 senectus
1435 2429 1520 2467 AEn.
1542 2439 1603 2475 v1,
1621 2431 1714 2466 304.

1022 2492 1290 2531 valido—nec
1336 2498 1479 2543 turpem
1521 2497 1712 2531 senectam

1025 2557 1120 2596 Hor.
1152 2557 1283 2595 Carm.
1321 2569 1352 2605 1,
1385 2557 1491 2605 xm,
1531 2561 1714 2604 17-19.

1024 2622 1136 2660 durus
1171 2623 1270 2660 senio
1301 2621 1446 2673 Navita
1478 2621 1592 2661 crudo
1629 2622 1716 2662 Seu.

1026 2686 1116 2725 OEd.
1131 2685 1218 2725 166.
1247 2685 1402 2725 Withof.
1414 2686 1588 2724 Praemet.
1602 2698 1639 2736 p.
1649 2684 1715 2727 61.

1026 2750 1109 2797 Sed,
1122 2763 1211 2800 pace
1221 2750 1361 2789 summi
1371 2749 1453 2796 viri,
1466 2749 1513 2787 R.
1528 2749 1573 2787 B.
1590 2753 1717 2787 vectat

1025 2815 1209 2863 mauem;
1239 2817 1326 2857 AEn.
1354 2827 1417 2864 vx,
1452 2818 1543 2862 391.
1582 2812 1721 2870 Stygia
