1864 3132
919 225 990 272 44

231 335 349 400 jure
386 349 450 381 ex
483 329 794 381 Terentiano
822 327 910 396 [p
923 340 1005 393 54.
1022 329 1072 378 „l
1101 325 1198 396 19.]
1243 329 1401 394 quivis
1433 329 1677 383 adducere

244 410 427 475 poterit
447 407 748 456 trochaicum
770 406 932 465 istum,
966 413 973 444 ἰ

253 527 257 532 ’
311 519 415 567 Pes
437 516 529 565 erit
549 516 775 582 βακχειος,
804 517 1077 583 αντιβάκχος
1099 523 1265 566 autem
1289 523 1406 566 tunc
1430 515 1538 565 erit.
1593 507 1598 518 ¹
1654 528 1658 535 “

244 639 415 682 contra
432 630 666 695 regulam
703 615 847 694 quani
882 630 989 694 ipse
1022 631 1114 679 sibi
1147 632 1431 690 servandam
1456 629 1703 691 statuisse,

246 707 504 773 profitetur
526 707 601 769 his
621 706 782 770 verbis
805 712 948 755 utens
985 706 1062 773 [p.
1089 718 1152 759 17.
1187 707 1218 754 l.
1250 704 1348 771 13.]
1370 726 1390 769 ²,

311 814 567 887 Regulam
587 830 796 862 servans
818 813 1013 880 ubique,
1039 813 1149 861 finis
1171 819 1226 861 ut
1249 814 1411 877 quarti
1434 814 1590 877 pedis
1649 833 1654 845 τ

298 891 543 941 Nominis
564 891 762 980 verbive
797 891 896 939 fine
932 906 1120 939 comma
1142 891 1352 954 primum
1374 891 1632 940 terminet:
1618 886 1682 929 ’.99

246 1021 356 1054 cum
379 1013 543 1055 tamen
566 1022 738 1056 revera
760 1023 922 1071 neque
941 1008 1036 1055 hoc
1053 1005 1345 1054 Terentiani
1367 1020 1510 1053 versu
1532 993 1685 1068 ipsius

243 1083 430 1149 regula,
466 1080 558 1132 nec
587 1100 704 1133 vero
733 1085 815 1133 illo
839 1084 1031 1151 Virgilii
1061 1083 1403 1148 magistrorum
1424 1082 1561 1147 leges
1582 1083 1685 1130 vio-

246 1161 422 1211 lentur.
480 1162 615 1211 Nam
653 1164 703 1212 in
740 1171 1031 1212 commatum
1070 1163 1260 1211 ratione
1293 1163 1682 1227 praepositiones,

245 1241 436 1289 etiamsi
454 1242 715 1290 verborum
736 1242 878 1289 initio
899 1242 1196 1298 adhaereant,
1219 1247 1453 1304 tanquam
1477 1240 1683 1306 singulae

246 1324 411 1365 tamen
450 1334 592 1366 voces
631 1318 803 1366 haberi
839 1325 1057 1381 possunt.
1137 1317 1252 1377 Qua
1294 1318 1356 1365 de
1391 1333 1454 1368 re
1496 1318 1576 1365 adi
1619 1317 1684 1365 sis

244 1393 319 1441 Cl.
358 1393 634 1442 Bentleium
667 1395 731 1441 ad
763 1393 934 1442 Horat.
971 1394 1132 1442 Carm.
1171 1410 1241 1442 ιν.
1279 1406 1320 1442 8.
1362 1406 1428 1446 17.
1500 1393 1684 1442 Similia

245 1475 410 1517 autem
432 1468 562 1533 apud
584 1468 866 1517 Lucretium
889 1469 1110 1532 exempla
1128 1469 1337 1534 legimus
1357 1488 1368 1519 :
1406 1484 1483 1518 111.
1500 1476 1616 1519 630.
1654 1474 1659 1477 ’

349 1578 432 1628 Sic
454 1580 651 1629 animas
671 1579 802 1628 intro
833 1576 842 1645 Ι
871 1578 1123 1651 duxerunt
1144 1578 1369 1629 sensibus
1389 1584 1581 1628 auctas.
1650 1635 1653 1638 .

248 1707 318 1740 IV.
355 1704 456 1740 400.

382 1778 671 1842 Apparent;
707 1784 755 1826 et
777 1777 926 1841 longe
948 1776 1002 1826 di
1029 1775 1038 1843 Ι
1066 1777 1193 1826 volsi
1213 1778 1339 1836 licet,
1374 1779 1551 1844 ingens

246 1888 359 1939 Nec
381 1870 498 1936 vero
521 1888 626 1935 sine
647 1886 853 1935 artificio
882 1887 950 1934 ita
982 1886 1170 1934 locatur
1202 1903 1298 1936 vox
1331 1887 1524 1946 divulsi,
1557 1893 1613 1936 ut
1633 1887 1684 1936 in

247 1979 415 2013 versus
437 1963 625 2010 ratione
648 1962 794 2026 ipsius
816 1970 978 2026 partes
1002 1964 1100 2012 sint
1120 1965 1432 2016 divellendae:
1470 1967 1688 2017 similiter

249 2040 396 2089 etiam
429 2040 560 2103 apud
592 2038 878 2104 AEschylum
910 2052 1023 2106 pag.
1053 2051 1148 2089 132.
1183 2041 1214 2090 l.
1239 2042 1328 2103 ult..
1363 2041 1529 2109 [Pers.
1558 2040 1685 2110 165.]

303 2218 370 2260 29.
400 2216 511 2255 Conf.
531 2218 644 2255 Daw.
662 2230 724 2267 pp.
737 2219 829 2262 298.
848 2221 941 2256 341.
996 2218 1040 2256 P.
1061 2228 1162 2256 v111.
1191 2217 1376 2267 Herman,
1390 2220 1435 2258 de
1448 2220 1688 2270 metris‚114,

250 2281 337 2320 Ter.
357 2281 484 2319 Maur.
513 2296 549 2332 p.
568 2287 634 2321 21.
662 2282 688 2319 l.
710 2287 745 2319 1.
779 2280 882 2332 'Yaee
900 2287 942 2319 ut
996 2284 1111 2326 282.;
1156 2280 1331 2320 divinitus
1366 2285 1528 2333 expediit
1563 2286 1613 2325 R.
1641 2281 1688 2326 Ρ.

249 2346 390 2392 dicunt,
429 2346 599 2395 αἐιλοσγὶα
644 2343 731 2394 puro
767 2351 804 2384 et
839 2347 943 2384 talia.
998 2343 1051 2381 N.
1093 2345 1322 2398 στείχωμεν.
1370 2348 1417 2387 Φ.
1459 2346 1490 2386 ὅ
1523 2355 1690 2398 γενναῖον

253 2403 438 2455 Fortasse,
473 2409 609 2457 α’γυΐαι,
646 2415 731 2457 γυῖα
762 2409 812 2447 R.
831 2409 943 2447 B.--
996 2407 1144 2462 εἶρηκαὲς·
1181 2408 1285 2449 ἔπος.
1336 2416 1451 2456 1407.
1510 2413 1565 2452 N.
1611 2415 1692 2453 πὸθ
1734 2409 1767 2429 ³

253 2473 456 2520 ACHAEI,
485 2474 622 2521 ΓΥΙΑ,
652 2480 750 2522 μυῖα,
782 2479 821 2511 et
839 2474 943 2512 talia.
995 2472 1135 2520 λέγεις
1183 2475 1229 2512 Φ.
1262 2475 1373 2528 εἵρξει
1409 2475 1585 2530 πελάζειν
1618 2481 1690 2525 *τῆς

251 2537 404 2588 Taylor.
460 2537 562 2575 Lect.
616 2537 707 2589 Lys.
769 2550 806 2587 p.
850 2541 943 2582 721.
998 2537 1164 2592 πάτρας.
1203 2541 1256 2579 Ν.
1283 2540 1370 2579 ἄλλ’
1387 2545 1419 2580 εἶ
1444 2541 1550 2580 δοκεῖ
1531 2558 1688 2581 trau-ra

252 2600 427 2648 Mallem,
470 2603 594 2649 α’·γυῖα,
640 2607 739 2649 γυῖα,
756 2624 811 2630 -
830 2600 944 2650 Soph-
999 2600 1102 2654 δρᾷν,
1158 2602 1341 2658 Sarno-rep
1375 2603 1501 2656 ανῧδᾷς,
1547 2611 1688 2660 στεῖχε

254 2664 326 2702 Ph.
349 2669 466 2704 1402.
504 2666 550 2703 Εἰ
578 2665 689 2712 δοκεῖ,
717 2668 944 2720 στείχωμεν,
1000 2681 1125 2719 προσκ
1127 2665 1216 2704 ὕσας·
1229 2666 1367 2720 χθόνα.
1385 2667 1533 2715 Τηεῐε,
1547 2681 1585 2718 p.
1600 2673 1689 2714 197.

252 2727 283 2768 αἶ
313 2735 478 2778 γενναῖον
510 2731 658 2783 εἷρηκός·
690 2729 812 2777 gros„
834 2742 945 2782 quem
996 2730 1096 2778 ἀλλ’,
1145 2736 1177 2769 εἴ
1214 2732 1278 2771 Bon<
1259 2749 1325 2780 κιε,
1369 2730 1548 2781 πλέωμεν,
1596 2731 1689 2778 526

249 2798 464 2843 corruptum
481 2805 560 2832 esse
574 2793 743 2832 viderunt
759 2793 944 2832 Heathius
994 2795 1094 2842 ἀλλ’,
1124 2800 1155 2834 ε’
1172 2796 1282 2845 δοκεῖ’,
1308 2797 1504 2852 χωρόμεν,
1531 2796 1626 2839 645
