1864 3132
135 1424 236 1475 306

941 185 1043 231 534

269 283 320 330 in
345 282 560 331 clausula
582 286 877 335 catalectica.
949 289 1098 354 Atqui
1121 302 1287 339 versus
1317 298 1519 362 quartus
1540 293 1708 342 cretici

267 357 377 406 loco
401 360 684 426 tribrachyn
709 363 897 412 duobus
921 367 1216 430 temporibus
1237 369 1471 416 minorem
1491 369 1705 432 praefert.

269 436 481 485 Ultimus
527 439 762 504 ejusmodi
810 449 898 500 est,
944 443 1082 509 quus
1123 447 1371 509 proprium
1419 463 1523 495 esse
1568 447 1708 496 video

269 513 400 561 aliud
434 531 659 563 versuum
701 525 911 582 systema
950 519 1189 579 claudere,
1225 523 1275 568 in
1309 521 1485 585 quibus
1525 522 1710 571 scilicet

269 593 488 657 dactylus
513 610 622 642 cum
646 597 826 645 cretico
850 615 947 646 non
977 599 1082 665 Jam
1107 601 1303 665 syllabae
1327 603 1587 660 communi,
1623 602 1710 651 se‘d
1751 608 1753 611 ’

270 671 486 732 spondeo
530 673 606 720 vel
658 676 874 724 trochaeo
915 677 1258 744 subjungitur:
1319 680 1589 745 cujusmodi
1635 685 1711 727 est

269 746 304 795 J
309 747 391 794 ulii
417 755 465 796 et
491 749 693 799 Manliae
717 754 1074 816 epithalamium
1099 772 1129 802 a
1151 755 1343 811 Catullo
1366 756 1708 820 conscriptum,

270 823 363 870 nisi
396 826 528 887 quod
568 826 634 877 ibi
669 828 851 891 primus
891 846 1241 896 nonnunquam
1282 848 1367 895 pes
1402 831 1590 879 iambus
1621 831 1708 878 ad-

269 902 545 965 hibeatur†.
584 905 767 954 Eodem
785 908 928 956 etiam
948 909 1143 957 nomine
1165 916 1444 974 corruptum
1463 915 1552 967 est,
1577 907 1710 973 quod

271 981 611 1046 antistrophen
636 983 829 1042 claudit,

679 1089 768 1141 Της
797 1107 829 1132 τ
862 1084 1105 1142 ευδαιμονος
1141 1092 1279 1151 Ηρας.

269 1180 490 1229 Alterum
514 1182 697 1232 scilicet
727 1201 788 1233 ex
821 1185 974 1233 altero
999 1193 1164 1235 natum
1191 1193 1264 1235 est
1286 1186 1540 1252 flagitium.
1612 1143 1710 1236 Sed

270 1272 335 1305 ne
357 1258 576 1321 pluribus
598 1259 793 1308 lectoris
816 1268 1035 1326 tempora
1058 1277 1318 1346 moremur,
1350 1263 1418 1310 sic
1442 1262 1717 1311 rescriben-

272 1336 386 1384 dum
411 1353 694 1387 censemus:

609 1438 638 1466 *
659 1445 794 1484 HPAI
829 1461 924 1486 ποτ
960 1439 1309 1487 OAYMn1A1²⁴⁰

660 1518 758 1563 Των
793 1517 1023 1576 ηλιβατων
1057 1520 1220 1582 θρονων

660 1595 877 1656 Αρχοντα
910 1598 1021 1644 θεοις
1053 1615 1202 1656 με’γαν

665 1671 834 1732 Μοιραι
868 1677 1317 1718 ΞΥΝΕΚΟΙΜΙΣΑΝ

750 1744 887 1809 Τοιῳδ
920 1747 1114 1811 ὖμεναιῳ.

281 1839 407 1896 Cum
428 1845 629 1895 Junone
652 1846 769 1894 olim
797 1846 1026 1912 Olympia
1052 1848 1235 1896 excelsi
1262 1847 1375 1897 solii
1393 1863 1565 1911 regem
1586 1840 1715 1897 inter

275 1925 391 1972 deos
413 1940 658 1987 magnum
681 1922 812 1970 Fata
841 1923 1718 1971 idem—cubile-adscendere-fecerunt

277 2001 371 2049 tali
418 2001 684 2065 qumemoeon
758 1998 1016 2046 Locutioni
1060 2006 1222 2046 autem
1271 2004 1374 2063 Ηρᾳ
1422 1999 1717 2059 ξυνεκοιμισαν

279 2077 444 2124 similis
470 2084 543 2125 est
568 2093 678 2139 quae
703 2076 836 2138 apud
860 2075 1150 2139 Sophoclem
1173 2080 1306 2122 extat
1330 2074 1507 2122 Electr„
1531 2080 1631 2127 276.
1667 2080 1718 2123 et

279 2164 364 2203 584
389 2154 512 2214 (274.
538 2154 693 2213 287.):

346 2257 524 2308 Ταυτην
557 2248 807 2315 προσαυδᾳν
839 2261 1012 2298 ΤΩΙΔΕ
1046 2260 1567 2299 ΣΥΓΚΟΙΜΩΜΕΝΗΝ.

348 2335 464 2378 Ητις
498 2336 823 2377 ΞΥΝΕΥΔΕΙΣ
858 2339 950 2376 ΤΩΙ
986 2339 1436 2377 ΠΑΛΑΜΝΑΙΩΙ-

283 2430 419 2478 Istud
455 2434 616 2476 autem
653 2426 782 2490 τοιῳδ
817 2429 993 2491 ὑμεναιῳ
1026 2429 1206 2477 rectius
1235 2429 1330 2477 dici
1354 2445 1498 2493 quam
1520 2452 1567 2492 eu
1586 2428 1717 2491 τοιῳδ

284 2510 461 2568 ὑμεναιῳ
487 2522 630 2554 nemo
654 2522 750 2554 non
775 2513 1025 2572 agnoscet,
1066 2507 1158 2554 nisi
1199 2507 1282 2570 qui
1319 2507 1370 2555 in
1409 2506 1585 2566 Graeco
1618 2523 1718 2556 ser-

339 2642 363 2683 †
382 2633 478 2676 Vide
496 2649 609 2686 supra
622 2648 683 2684 pp.
703 2639 876 2680 57—59.
960 2636 963 2638 ’
1030 2635 1080 2673 R.
1106 2634 1173 2680 B.;
1202 2639 1229 2659 ⁴⁴
1247 2634 1315 2672 Br.
1344 2630 1476 2672 le‘ctore
1504 2635 1635 2682 celato,
1659 2635 1716 2674 D.

340 2710 433 2745 240.
462 2702 638 2741 ““HPA1
669 2700 756 2737 ποτ’
784 2701 974 2738 ὈΛΥΜ-
1029 2700 1324 2739 emendationem
1370 2699 1560 2748 adoptat.”
1614 2700 1718 2738 Infra

286 2771 417 2812 ΠΙΑῙ,
446 2770 499 2807 sic
518 2769 589 2818 leg.
619 2780 656 2817 p.
676 2770 754 2804 432
776 2767 792 2814 (
927 2767 976 2815 ).”
1029 2768 1284 2820 ξυνεκοίμισαν
1303 2763 1352 2802 R.
1368 2763 1413 2802 Β.
1431 2769 1468 2801 et
1486 2764 1584 2803 Rav.
