1864 3132
453 251 668 280 AnnmmA
701 251 752 278 ΕΤ
781 231 1077 278 connexum
1108 246 1168 273 An
1197 245 1352 273 nous.
1536 228 1616 276 607

300 339 442 378 litteras
461 339 615 378 Graecas
632 338 893 376 intermiscere.
947 334 1067 372 Nobis
1093 332 1208 372 satius
1226 336 1282 370 est
1298 329 1426 371 alienis
1445 330 1535 368 bene
1553 329 1619 375 uti,

303 417 418 455 quam
435 403 659 454 ineleganter
677 407 804 439 nostra
822 398 1035 450 apponere?
1486 402 1493 406 ·

198 471 286 506 144.
314 469 384 505 col.
407 471 443 503 1.
469 467 496 503 I.
513 469 550 504 8.
589 465 674 503 Seu.
692 463 807 513 Hipp.
826 462 916 501 246.
959 461 1037 499 Per
1054 461 1119 498 Ιιαε
1135 465 1288 498 senecta:
1304 426 1516 508 splendidas
1534 470 1622 506 sup-

299 535 387 584 ple-2·
406 545 546 571 comas:
595 537 674 569 ‘an
691 530 906 580 ninguidus.
900 531 940 555 ’”
980 527 1030 565 R.
1050 526 1097 564 Β.
1138 527 1237 565 “Et
1253 525 1447 564 Charisius
1464 524 1535 564 col.
1554 529 1620 568 71.

302 597 379 644 nix,
399 596 496 647 quod
514 600 644 633 contra.
658 593 839 631 rationem
857 592 966 640 nivis,
983 592 1070 630 licet
1087 596 1228 629 veteres
1247 589 1396 641 ninguis
1413 589 1626 628 declarave-

303 668 403 709 runt,
435 675 455 699 e
483 661 614 712 quibus
640 666 697 699 est
724 659 919 697 Lucilius?
946 659 974 696 l.
996 663 1058 696 10.
1084 663 1107 681 “
1126 657 1319 703 tellaria;”
1345 662 1382 695 et
1398 657 1511 694 itiner
1528 655 1626 707 apud

303 727 473 773 eundem,
501 732 538 764 et
562 723 775 763 Charisium
804 723 876 760 col.
907 722 973 761 63.
1002 728 1039 760 et
1071 726 1161 766 109.
1201 724 1272 780 col.
1293 725 1331 760 2.
1358 722 1385 760 l.
1403 724 1441 764 7.
1469 725 1492 743 “
1511 718 1628 758 512.”

307 791 490 829 exsecutio
510 790 661 833 Comm.
679 789 858 826 Ambros.
886 788 933 825 ad
953 787 1033 825 Cic.
1063 787 1108 824 de
1139 798 1212 824 aere
1240 786 1290 825 al.
1322 785 1477 824 Milonis
1506 797 1544 834 p.
1563 788 1630 822 34.

309 853 537 892 exsecutione
554 866 592 903 p.
609 857 676 897 78.
716 851 960 890 Proetexstam
979 851 1070 891 MS.
1089 851 1266 889 Vossian.
1284 849 1382 889 Hor.
1395 849 1523 888 -Serm.
1542 862 1573 896 1,
1591 861 1630 895 v,

309 917 375 957 36.
410 920 437 956 l.
455 923 493 963 9.
534 923 556 941 “
575 916 755 963 CATO,'’
794 922 830 954 et
860 915 1238 955 ΤΙΜΟΧΣΕΝΟΣ
1260 915 1300 953 in
1325 927 1515 954 marmore
1532 913 1631 964 apud

310 980 358 1018 E.
374 980 430 1017 D.
446 979 590 1018 Clarke.
617 980 656 1017 in
675 979 866 1017 Itinerario
884 991 962 1026 suo,
991 979 1080 1017 Vol.
1101 991 1174 1017 111.
1201 992 1241 1029 p.
1260 983 1353 1024 592.

206 1043 296 1083 146.
323 1058 359 1082 n.
380 1050 402 1068 “
418 1046 504 1083 44?
530 1045 650 1083 coacti
671 1044 762 1082 MS.
781 1043 880 1082 Coll.
900 1043 976 1082 Jes.
996 1043 1158 1081 cantab.

207 1112 296 1148 148.
322 1109 519 1164 ἐγχανῶνε
549 1109 600 1160 gl.
629 1110 912 1158 καταγελάσας.
941 1108 1035 1147 Cod.
1054 1108 1158 1146 Vict.
1186 1107 1348 1160 τεθνήξῃ
1367 1109 1410 1156 F,
1429 1109 1460 1156 I,
1478 1108 1525 1157 T,
1540 1108 1580 1147 H
1596 1109 1634 1147 in

311 1181 415 1213 textu
433 1181 470 1213 et
486 1176 619 1223 schol„
638 1181 675 1214 et
694 1175 726 1214 C
745 1188 832 1214 cum
852 1175 904 1226 gl.
920 1174 1108 1221 α’ποθάνη.
1137 1174 1306 1226 τεθνήξει
1328 1174 1381 1222 D,
1400 1175 1448 1212 E.

210 1245 299 1280 150.
327 1241 397 1279 col.
421 1246 455 1278 1.
484 1241 509 1279 I.
531 1246 594 1287 18.
622 1247 647 1266 “
667 1241 799 1280 R.B.”
814 1248 852 1280 et
870 1241 921 1279 R.
936 1240 984 1279 P.
1001 1241 1049 1278 ad
1067 1240 1093 1278 l.
1122 1239 1191 1278 col.
1211 1244 1248 1278 2.
1277 1242 1302 1278 l.
1323 1245 1386 1278 11.
1413 1239 1519 1286 adde,
1540 1239 1635 1277 Vide

312 1305 358 1343 T.
372 1305 427 1343 H.
449 1306 498 1342 ad
515 1305 671 1344 Lucian.
687 1306 734 1345 T.
756 1318 788 1343 1.
816 1319 854 1356 p.
873 1309 967 1344 428.
1009 1304 1137 1343 Valck.
1154 1304 1202 1342 ad
1221 1304 1294 1342 Ph.
1314 1302 1408 1348 576.
1448 1302 1569 1342 Koen.
1587 1304 1636 1341 ad

291 1373 299 1379 '
313 1367 429 1416 Greg.
458 1380 494 1415 p.
511 1371 577 1411 49.
604 1368 627 1404 l.
651 1372 712 1405 14.
742 1366 900 1420 δήξομαί
915 1369 950 1416 γ’
967 1367 1059 1416 ὑμᾶς·
1075 1367 1166 1418 legit
1192 1366 1245 1406 R.
1261 1366 1309 1404 P.
1329 1367 1428 1417 apud
1445 1366 1494 1405 P.
1512 1366 1559 1405 P.
1578 1366 1636 1404 D.

319 1431 380 1469 Sic
400 1431 502 1468 Nub.
526 1435 640 1469 1153.
676 1432 876 1481 βοάσομαί
891 1432 926 1480 ’γ’
943 1431 1018 1486 ἄρα
1042 1432 1133 1470 MS.
1153 1432 1298 1470 Amnd.
1311 1447 1323 1477 ;
1364 1431 1563 1480 βοάσομαί
1590 1446 1636 1478 «γε

285 1495 376 1533 ’νεὶ
403 1493 571 1545 βοάσομ’
600 1494 677 1547 ἄρα
704 1494 755 1532 R.
770 1495 818 1533 P.
846 1497 945 1545 apud
975 1497 1022 1535 P.
1037 1495 1085 1534 P.
1100 1495 1155 1534 D.
1183 1508 1294 1547 quem
1311 1495 1408 1533 vide.
1435 1495 1460 1533 l.
1480 1499 1542 1539 19.
1585 1496 1638 1544 (et

316 1559 405 1597 Pae.
425 1557 516 1598 261.
544 1563 569 1582 “
588 1561 697 1598 Forte
715 1560 999 1608 κεκλαῦσομαι.”
1026 1560 1192 1610 Raper.).
1235 1560 1292 1598 3ιᾶ
1309 1559 1348 1597 ‘ri
1367 1558 1414 1605 δή
1429 1557 1636 1607 κλαύσομαι

318 1624 367 1672 C,
386 1625 429 1670 F,
446 1628 483 1661 et
500 1623 558 1668 T;
588 1623 685 1662 δια-τὶ
702 1623 734 1662 δ.
752 1641 784 1661 κ.
814 1624 866 1670 D,
889 1624 934 1662 E.
962 1623 1054 1677 δεῦρ’
1071 1623 1116 1663 ἴθ’
1141 1623 1210 1673 (sic
1240 1634 1382 1673 quoque
1409 1622 1492 1660 cod.
1520 1622 1639 1672 Leid.)

320 1687 374 1734 H,
394 1686 487 1740 δεῦρ’
504 1685 579 1725 ἔλθ’
597 1686 630 1733 I,
658 1693 695 1725 et
712 1686 813 1726 διατῖ
828 1686 1019 1737 (vel—7³1)
1037 1687 1136 1733 δῆτα
1154 1685 1363 1734 κλαύσομαι
1381 1685 1436 1732 H,
1456 1686 1487 1726 Ῑ.
1518 1687 1639 1724 Dorv-

315 1755 354 1787 et
370 1749 442 1786 duo
460 1748 559 1798 apud
578 1748 740 1786 Brunck.
760 1752 784 1788 l.
803 1752 872 1788 ult.
901 1749 1009 1788 Conf.
1028 1749 1075 1787 Ρ.
1086 1749 1134 1787 Ρ.
1148 1749 1202 1787 D.
1221 1749 1269 1787 ad
1288 1749 1380 1801 Lys.
1397 1747 1490 1789 366.
1520 1750 1640 1800 Vesp.

323 1818 412 1852 121.
443 1812 547 1851 Ὅτε
567 1813 613 1859 δή
629 1813 669 1853 δὲ
686 1814 768 1852 edd.
798 1813 903 1852 Ὅτε
920 1814 1018 1859 δῆτα
1037 1814 1250 1853 Ravenna...
1481 1805 1485 1807 ’

221 1890 310 1925 154.
339 1887 408 1924 col.
429 1892 468 1925 2.
496 1887 521 1924 l.
539 1891 577 1925 3.
605 1887 709 1933 adde,
739 1893 765 1912 “
785 1888 887 1926 Mihi
906 1901 992 1927 vero
1007 1902 1080 1927 non
1098 1902 1314 1940 persuasum
1331 1890 1445 1937 sedet,
1465 1891 1529 1928 sed
1547 1890 1641 1928 mihi

323 1962 541 2001 persuasum
559 1955 628 1996 est,
659 1950 739 1988 haec
762 1952 878 1989 verba
904 1965 978 1990 non
1006 1965 1113 2002 posse
1141 1952 1318 1999 adhiberi,
1349 1953 1419 1992 nisi
1436 1953 1484 1991 ab
1501 1953 1663 2004 Anglo‚.

321 2014 420 2053 fastu
444 2013 565 2064 pleno,
604 2027 715 2064 quem
744 2027 818 2052 non
849 2016 989 2064 puduit,
1028 2016 1299 2068 Anthologiam
1318 2017 1508 2065 Graecam,
1533 2018 1643 2057 illum

320 2079 508 2130 egregium
531 2079 652 2116 omnis
680 2079 905 2127 eruditionis,
944 2080 1174 2130 cognitionis,
1203 2086 1313 2132 atque
1343 2081 1533 2132 elegantiae
1562 2082 1643 2120 the-

323 2154 491 2187 saurum,
531 2142 720 2192 appellare
753 2144 874 2181 nescio
918 2156 1026 2194 quam
1068 2143 1382 2196 Epigrammatum
1426 2144 1644 2197 congeriem·

324 2205 381 2242 H.
402 2204 534 2243 Bosch.
552 2206 601 2243 ad
617 2206 775 2245 Anthol.
789 2207 859 2245 Gr.
877 2221 914 2258 p.
928 2211 1020 2246 300.
1049 2208 1144 2254 Quis
1162 2221 1236 2248 non
1247 2209 1391 2259 pulcre,
1411 2210 1510 2257 bene,
1528 2215 1642 2258 recte,

325 2267 433 2305 tertio
450 2281 591 2319 quoque
607 2271 720 2308 verbo
736 2270 901 2322 ingeret?

223 2333 313 2374 157.
340 2330 410 2367 col.
428 2334 465 2370 2.
496 2330 520 2367 l.
534 2333 674 2378 penult.
703 2337 729 2354 “
749 2333 796 2369 ad
813 2333 874 2380 l.,”
898 2338 936 2372 et
955 2334 1002 2379 Q.
1021 2334 1062 2372 S.
1081 2335 1126 2373 F.
1146 2335 1377 2375 Christianus
1387 2352 1404 2382 ;

198 2414 200 2416 ·
225 2398 313 2432 158.
341 2395 409 2431 col.
431 2398 467 2430 1.
495 2395 520 2431 l.
539 2394 609 2430 ult.
637 2398 660 2417 “
681 2394 803 2445 Lege’'
820 2408 868 2433 ex
891 2395 1020 2436 Valclc.
1036 2399 1076 2436 in
1095 2399 1218 2437 Diatr.
1235 2400 1282 2438 ad
1302 2401 1392 2438 Eur.
1412 2414 1449 2452 p.
1472 2406 1560 2446 194.

226 2461 314 2501 159.
342 2458 411 2495 col.
431 2461 468 2493 1.
495 2458 521 2494 I.
540 2460 578 2500 7.
607 2456 715 2494 Pind.
736 2458 847 2496 Nem.
868 2471 939 2506 111,
957 2459 1022 2499 36.
1052 2462 1178 2516 ε’Υπερ
1206 2462 1425 2516 Ἡρακλέος,
1454 2466 1571 2518 περᾷν
1588 2463 1647 2502 εὖ·

328 2522 455 2577 papis·-
495 2525 519 2562 l.
537 2527 576 2567 9.
609 2522 714 2570 adde,
753 2524 944 2576 Theogon.
963 2532 1056 2572 491.
1100 2533 1208 2577 τιμῆς·
1235 2529 1404 2584 ἐξελάαν,
1439 2537 1464 2554 “
1482 2529 1645 2583 ἐξελάειν

991 2606 1056 2629 σαί

332 2641 486 2678 Barocc.
505 2639 651 2678 Trinc.’'
679 2640 873 2693 Gaiqford.
899 2642 1060 2695 ἐξελάαν
1077 2645 1172 2684 Cod.
1189 2646 1394 2685 Mediceus.

231 2701 318 2743 160.
345 2708 413 2745 col.
432 2710 469 2744 2.
498 2707 524 2744 I.
543 2709 583 2743 5.
611 2711 633 2729 “
651 2708 744 2745 rat.”
779 2713 801 2730 “
819 2709 937 2759 Atqui
954 2722 1105 2760 operam
1129 2712 1323 2764 oleumque
1340 2712 1532 2762 perdidit.''
1570 2715 1646 2753 PR.

332 2770 380 2807 ad
399 2770 453 2809 D.
470 2770 518 2807 R.
549 2770 690 2820 opusc.
707 2771 787 2810 xlii.
815 2774 840 2811 l.
857 2771 896 2812 6.
924 2779 949 2798 “
969 2777 1033 2820 9.”
1061 2777 1158 2816 Vide
1175 2777 1225 2815 R.
1241 2777 1289 2816 P.
1331 2777 1473 2815 Advss.
1497 2790 1538 2827 p.
1556 2783 1647 2818 228.

335 2837 373 2869 et
384 2846 424 2882 p.
447 2831 534 2872 161.
562 2836 629 2873 col.
652 2839 686 2872 1.
714 2838 739 2874 l.
756 2834 904 2874 6—10.
931 2837 1022 2878 dele.
1049 2839 1137 2880 ibid.
1165 2843 1191 2880 1.
1213 2846 1275 2886 19.
1310 2841 1384 2880 Sed
1401 2847 1529 2892 posoea
1541 2843 1648 2885 aliter

336 2899 518 2946 censebat,
535 2903 576 2937 ut
590 2911 653 2938 me
672 2901 814 2939 monuit
832 2900 879 2939 P.
893 2901 941 2940 P.
954 2902 1010 2942 D.
