1864 3132
807 192 908 241 233

138 314 270 350 mum
306 305 379 347 est
410 293 763 358 Quintilianum
798 295 1076 362 significare
1105 294 1312 348 voluisse
1342 294 1574 346 Graecum

138 385 312 427 testem
345 393 434 442 pro
470 372 786 432 Fundanius,
827 391 938 422 cum
962 380 991 423 Ρ
1021 374 1186 423 Latini
1206 392 1377 424 sonum
1401 374 1578 424 efferre

139 471 241 503 non
286 459 464 518 posset,
509 450 687 499 AEolici
730 449 972 514 potestate
1017 457 1236 500 utentem
1286 450 1579 501 Vundanius

140 531 522 596 pronunciasse;
582 528 677 576 hoc
721 535 885 576 autem
931 536 1072 577 vocat
1118 528 1359 593 aspirare.
1450 529 1583 583 Cum,

141 607 264 654 adeo
285 606 438 653 literae
479 602 587 652 Vau
621 603 800 667 duplex
830 603 1012 652 inesset
1043 605 1263 669 qualitas,
1291 605 1445 653 altera
1467 618 1581 651 cum

141 683 283 732 variis
326 682 496 747 figuris
536 687 776 746 quatenus
816 686 946 728 esset
984 696 1258 730 consonans
1296 678 1581 735 communiS‚

140 760 294 809 altera
335 758 608 823 peculiaris,
669 764 910 822 quatenus
956 758 1059 806 sola
1103 774 1165 806 ex
1209 757 1583 807 consonantium

142 853 349 886 numero
405 835 669 899 adspiratio
723 835 891 883 itidem
952 835 1049 883 dici
1103 841 1299 899 posset3
1395 833 1586 883 Graecis

144 922 406 980 propterea
444 931 536 979 pro
574 931 663 963 sua
701 916 907 981 ακριβειᾳ
944 915 1099 964 visum
1140 921 1214 963 est
1255 931 1317 963 ex
1349 911 1588 979 peculiari

105 1058 117 1062 δ
144 995 304 1060 potius
349 1010 493 1059 quam
552 993 796 1040 communi
854 991 1087 1056 qualitate
1143 993 1307 1040 sedem
1365 989 1587 1040 determi-

147 1073 377 1122 nantibus
403 1088 511 1120 eam
537 1071 910 1119 consonantium
934 1070 1077 1118 seriei
1100 1085 1200 1117 non
1225 1070 1332 1136 jam
1355 1070 1587 1134 inserere,

148 1153 232 1200 sed
254 1151 452 1198 alterius
477 1149 822 1213 adspirationis
842 1150 982 1197 modo
1004 1149 1408 1213 superscribere.†
1479 1146 1591 1194 Cae-

147 1235 307 1276 terum
351 1243 412 1274 ex
453 1225 778 1273 Ciceroniana
817 1225 981 1273 Graeci
1019 1224 1155 1272 testis
1195 1224 1420 1272 irrisione
1458 1222 1591 1271 aliud

151 1304 296 1352 etiam
338 1303 390 1350 in
437 1310 718 1351 transcursu
763 1302 1023 1350 observare
1070 1308 1159 1360 est,
1222 1317 1398 1365 nempe
1445 1316 1592 1365 quam

152 1382 333 1429 frustra
355 1381 539 1428 fuerint
571 1381 621 1438 ii,
657 1381 710 1428 in
746 1381 920 1444 quibus
951 1380 1096 1428 etiam
1128 1379 1389 1428 Salmasius
1413 1395 1592 1428 nomen

148 1455 410 1520 profitetur
444 1471 599 1512 suum,
642 1455 726 1518 qui
762 1454 1048 1502 Latinorum
1090 1460 1119 1502 Ρ
1151 1462 1201 1502 et
1231 1455 1518 1504 Graecorum
1554 1459 1595 1502 Φ

157 1533 362 1581 eandem
402 1531 550 1579 fuisse
590 1538 881 1596 potestatem
924 1530 1182 1580 voluerint.
1276 1532 1385 1580 Hoc
1424 1533 1595 1595 utique

157 1609 198 1656 si
222 1624 299 1656 res
334 1607 519 1665 fuisset,
555 1607 802 1655 Fundanii
835 1623 1013 1654 nomen
1036 1607 1222 1655 homini
1245 1608 1423 1656 Graeco
1445 1608 1596 1656 nihilo

158 1683 315 1749 magis
372 1699 517 1748 quam
572 1683 798 1730 Romano
848 1699 1031 1730 moram
1091 1683 1293 1748 injicere
1342 1683 1594 1746 potuisset.

161 1758 414 1807 Diversam
477 1758 650 1806 harum
715 1759 962 1806 literarum
1026 1759 1255 1806 virtutem
1312 1758 1599 1825 perstringit

159 1835 491 1885 Terentianus
518 1851 634 1900 pag.
659 1846 714 1883 35
742 1835 795 1899 [l.
821 1832 1092 1900 9:2401.].

228 1927 387 1960 —nos
411 1911 675 1977 siquando1
706 1909 939 1959 Graecum
962 1922 996 1959 Φ
1018 1928 1215 1960 necesse
1238 1919 1310 1960 est
1333 1911 1557 1975 exprimi,

230 2000 262 2038 P
297 1996 343 2037 et
376 1999 427 2037 H-
458 1988 608 2037 simul
646 1989 874 2048 solemuS,
929 2006 1030 2038 non
1064 1988 1304 2039 Latinam
1346 1990 1477 2038 hanc
1518 1990 1599 2055 [Ρ]

423 2082 609 2129 ponere
624 2087 645 2123 ;
1231 2110 1234 2112 ,

193 2174 197 2177 -
239 2143 395 2208 Cujus
418 2162 449 2193 α
480 2143 658 2194 Graeca
681 2145 866 2195 recedit
888 2145 1013 2194 lenis
1041 2153 1189 2213 atque
1211 2146 1357 2196 hebes
1379 2163 1543 2197 sonus.

172 2233 200 2262 ’¹
224 2231 359 2279 Idem
385 2232 530 2280 etiam
554 2250 667 2298 pag.
698 2245 750 2280 14
777 2234 832 2301 [l.
863 2234 1153 2296 13:2388.].

239 2305 400 2354 Imum
422 2307 615 2369 superis
638 2308 866 2357 dentibus
889 2309 1176 2372 adprimens
1199 2309 1436 2358 labellum

242 2381 522 2446 spiramine
545 2383 659 2442 leni,
692 2385 772 2432 vel
792 2392 848 2432 ut
869 2386 1002 2434 hirta
1034 2384 1192 2434 Graia
1221 2386 1360 2445 vites,

241 2458 394 2507 Hanc
418 2459 500 2522 [Ρ]
525 2475 609 2506 ore
626 2459 839 2524 sonabis,
863 2463 1003 2510 modo
1023 2478 1129 2527 qtae
1153 2463 1315 2511 locata
1333 2463 1502 2526 prima
1521 2471 1605 2513 est.

172 2549 252 2598 vel
279 2555 336 2596 ut
370 2548 504 2597 hirta
549 2546 726 2607 Graia,
765 2550 813 2597 h.
834 2567 876 2598 e.
906 2551 1006 2600 sive
1029 2551 1098 2598 ita
1119 2558 1174 2599 ut
1195 2569 1421 2616 asperum
1445 2554 1608 2602 Graeci

167 2635 214 2695 v‹1›
257 2642 428 2674 sonum
474 2625 612 2673 vites.
704 2625 949 2674 Caeterum
995 2643 1086 2691 pro
1131 2628 1232 2676 istis
1287 2630 1366 2678 vel
1409 2638 1465 2678 ut
1512 2641 1606 2684 &a

180 2702 324 2770 vulgo
360 2705 542 2772 legitur
586 2702 741 2764 (velut
784 2704 916 2754 hirta
965 2703 1125 2753 Graia
1169 2706 1334 2769 vites).
1383 2707 1608 2771 Denique

485 2803 508 2843 †
537 2799 634 2839 vide
652 2799 840 2840 Addenda.
948 2807 966 2849 1
995 2801 1093 2841 vide
1110 2785 1304 2840 Addenda.

1647 2238 1739 2289 139
