1864 3132
872 173 972 222 55⁸7

197 276 445 325 Caeterum
468 276 541 326 el.
565 276 802 327 Kusterus
835 280 898 327 ad
928 280 1088 328 locum
1126 285 1158 305 “
1181 279 1627 345 Mettum<(inquit)

196 357 232 377 “
253 352 507 401 manifeste
530 354 793 405 claudicat:
822 356 900 404 cui
917 357 1035 405 vitio
1053 357 1253 422 egregie
1276 357 1497 404 medetur
1513 357 1624 405 MS.

195 435 229 455 “
252 430 407 478 Vatic.
449 430 512 479 U.
554 432 635 495 qui
675 432 744 479 sic
779 433 943 490 habet,
984 443 1107 481 ΗΔΗ
1149 444 1248 480 KAI
1288 443 1406 480 NYN
1444 443 1627 480 ΜοΛιΣ

194 511 228 530 “
251 517 414 554 ΑΘΡΩ.
485 507 669 555 Textui
702 508 958 556 lectionem
994 509 1121 556 hanc
1159 509 1487 566 restituissem,
1533 509 1626 556 nisi

193 586 226 606 “
249 581 456 631 Collatio
475 583 600 632 illius
619 583 728 632 MS.
746 584 891 647 paulo
908 585 1059 632 serius
1075 585 1136 631 ad
1155 601 1231 632 me
1249 585 1391 632 missa
1406 584 1623 632 fuisset?
1658 617 1661 618 ν

191 657 411 724 Egregia
454 676 592 707 vero·
615 660 868 717 medicina,
927 676 1037 723 quae
1093 677 1155 708 ex
1211 660 1415 724 simplici
1454 658 1626 707 morbo

190 733 430 797 duplicem
455 736 638 785 effecit,
665 737 724 785 In
749 744 948 802 recepta
969 738 1139 801 utique
1161 737 1399 801 scriptura
1417 742 1624 784 metrum

188 809 333 857 unice
354 810 573 869 laborat5
609 813 660 860 in
684 813 775 860 hac
799 820 849 861 et
871 820 1095 871 metrum,
1120 821 1169 861 et
1192 814 1346 861 oratio
1367 833 1378 862 :
1417 819 1623 860 metrum

189 887 321 948 quod
356 891 476 952 αθρω
511 889 718 952 priorem
760 890 811 937 in
851 906 1074 937 sermone
1120 890 1306 937 comico
1351 889 1624 937 necessario

186 964 416 1027 corripiat
436 984 447 1014 :
486 966 655 1024 oratio,
682 966 813 1029 quod
829 968 1029 1014 verbum
1053 966 1181 1013 istud
1203 967 1263 1014 de
1287 966 1490 1029 simplici
1510 965 1624 1013 visu

186 1054 438 1103 nunquam
461 1033 784 1100 adhibeatur,
806 1043 890 1090 sed
924 1042 1125 1100 intueri,
1167 1042 1497 1100 considerare,
1536 1058 1622 1090 ex-

184 1115 484 1175 αφηίηανε,971
526 1118 604 1166 vel
638 1119 792 1167 simile
827 1120 1039 1167 denotet.

182 1267 268 1301 ante
285 1275 414 1301 eorum
432 1268 584 1303 aetatem
612 1264 704 1303 foede
723 1277 875 1315 corrup-

180 1330 262 1362 tum
283 1315 406 1364 'fuisse
424 1331 461 1364 et
478 1326 675 1365 veritatem
699 1327 738 1365 in
764 1335 874 1377 puteo

179 1388 308 1435 latere,
343 1402 418 1427 non
452 1391 692 1428 vehementer
719 1404 874 1443 negem.

182 1452 249 1490 Sin
278 1453 360 1503 quis
391 1466 411 1490 e
443 1453 564 1491 MSS.
596 1454 762 1505 vestigiis
788 1455 874 1505 quid

179 1516 400 1555 eliciendum
418 1531 606 1565 censeam,
625 1520 799 1570 requirat,
819 1532 876 1556 re-

178 1582 379 1632 spondebo,
410 1595 473 1620 me
504 1589 624 1621 totam
644 1583 874 1621 sententiam

180 1647 326 1685 Socrati
339 1649 552 1687 continuare
563 1649 677 1687 malle
691 1655 729 1687 et
740 1649 872 1699 legere,

179 1710 263 1748 ΣΩ.
293 1711 331 1748 N
335 1710 385 1748 uvi
397 1711 487 1759 μάλ’
501 1714 625 1766 ‹iope-3⁹
637 1706 761 1762 βλέπε
777 1713 871 1767 πρὸς

178 1774 250 1819 τήν
267 1773 415 1813 εἴσοδον
433 1775 515 1821 ἤδη.
562 1777 642 1814 Νῦν
659 1775 706 1823 γε’
722 1793 783 1814 τοι
802 1775 871 1822 ἤδη

176 1840 341 1892 καθορᾶς·
376 1839 610 1878 αὐτάς-111
645 1854 718 1891 quo
748 1841 871 1878 addidi

174 1901 301 1952 βλέπε
318 1916 340 1941 e
358 1916 396 1940 V-
415 1908 507 1942 322.
547 1904 675 1943 Βλέπε
701 1906 760 1942 νῦν
777 1905 871 1960 δευρὶ

176 1969 271 2022 πρὸς·
309 1968 382 2014 τήν
419 1969 614 2021 Πάρνηθα.
672 1970 785 2008 Jocus
815 1976 873 2008 est

177 2033 343 2072 Comicis
362 2034 523 2084 antiquis
545 2034 720 2081 solennis,
749 2039 791 2072 ut
807 2047 871 2072 ac-

174 2102 295 2134 torem
324 2108 489 2145 personae
513 2108 628 2146 quam
658 2096 750 2146 agit,
779 2096 872 2134 obli-

175 2160 270 2197 visci
302 2160 456 2211 faciant,
483 2167 520 2198 et
550 2161 594 2198 de
627 2162 773 2208 theatro
804 2167 871 2210 aut

176 2224 457 2274 spectatoribus,
467 2225 574 2274 quasi
583 2225 868 2274 imprudentem,

174 2287 287 2339 loqui.
350 2288 509 2326 Εἵσοδος
554 2294 680 2326 autem
724 2295 780 2328 est
824 2304 870 2328 ea

174 2352 312 2390 theatri
332 2365 431 2402 pars,
450 2364 525 2402 qua
548 2351 695 2402 Chorus
715 2340 866 2392 scenam

171 2414 307 2454 intrat,
339 2415 435 2452 Vide
454 2416 532 2452 Av.
554 2419 646 2463 297,
681 2421 718 2453 et
737 2416 864 2454 Schol.

173 2480 275 2530 Ergo
312 2480 498 2525 Socrates,
537 2466 756 2528 Strepsiade‘
781 2493 867 2530 que-

173 2552 276 2582 rente
306 2558 346 2583 se
378 2545 508 2582 Nubes
539 2557 613 2582 non
642 2545 779 2592 videre,
810 2558 867 2583 re-

173 2608 341 2657 spondet,
398 2607 446 2645 Ν
446 2621 513 2646 unc
571 2609 715 2646 tandem
759 2621 866 2660 quam

172 2671 326 2710 maxime
355 2673 530 2711 contende
558 2678 595 2710 et
631 2673 681 2710 ad
714 2673 867 2712 Theatrz'

174 2734 366 2774 introitum
382 2742 509 2789 specta
518 2752 534 2783 ,·
563 2749 656 2776 nunc
674 2738 766 2776 enim
783 2743 866 2777 ἰαπ-Ι

1112 1119 1269 1167 Immo·
1300 1120 1495 1178 tertium
1532 1125 1619 1178 est,

928 1266 1007 1303 dem
1035 1279 1097 1303 eas
1123 1265 1236 1303 vides.
1293 1264 1401 1302 Ma'A’
1425 1264 1550 1318 α’θρεΐν
1567 1264 1621 1301 di·

927 1330 1024 1367 citur
1055 1335 1097 1368 ut
1129 1328 1217 1377 μάλ’
1243 1329 1416 1380 α’παυδᾷν
1449 1334 1486 1366 et
1514 1328 1619 1376 μάλα

927 1394 1068 1446 δάκνειν
1086 1395 1184 1432 Rau.
1203 1399 1296 1438 372.
1316 1398 1407 1431 888.
1450 1394 1620 1443 Denique

929 1450 1022 1510 πρόςὲ
1056 1459 1127 1504 τήν
1163 1459 1310 1497 εἴσοδον
1353 1445 1526 1495 ἐιεωτεὶῐε
1564 1470 1621 1494 re-

928 1523 1084 1572 spondet
1136 1523 1258 1560 verbis
1313 1521 1617 1571 praecedentibus,

929 1588 1023 1640 πρὸς
1042 1587 1114 1633 τήν
1129 1586 1320 1640 Πάρνηθᾰ.
1350 1587 1537 1625 Eduobus
1555 1599 1619 1636 op-

928 1651 1031 1689 timae
1054 1657 1152 1689 notae
1171 1651 1291 1690 MSS.
1323 1663 1347 1688 a
1375 1664 1437 1688 me
1459 1650 1618 1698 collatis,

927 1716 1020 1768 πρὸς
1052 1716 1228 1765 adoptavi
1252 1728 1319 1765 pro
1346 1716 1467 1768 παρά,
1502 1727 1617 1766 quam

925 1780 1144 1819 varietatem
1172 1794 1193 1819 e
1210 1780 1314 1818 nullo
1342 1780 1467 1819 codice
1493 1780 1617 1818 adhuc

925 1850 1116 1883 enotatam
1143 1858 1222 1883 esse
1249 1844 1413 1894 profecto
1440 1845 1620 1882 mirumss’

923 1902 1176 1948 Ponson'us.
1203 1910 1345 1948 Pam.
1357 1910 1422 1958 liii,
1431 1910 1616 1957 iv.=lvii‚

924 1974 1016 2021 viii„
1061 1987 1172 2025 quem
1206 1975 1303 2012 conf.
1338 1976 1387 2014 ad
1420 1974 1495 2014 Or.
1522 1974 1617 2021 679.

923 2038 982 2075 ed.
1000 2043 1040 2077 2.
1192 2074 1195 2075 ⁷

965 2107 1058 2146 271.
1077 2102 1170 2140 Lex.
1184 2103 1296 2152 Sang.
1311 2103 1610 2158 ρ.349.*Αθμει;

923 2163 1007 2217 ὅρα,
1048 2164 1188 2212 βλέπε.
1260 2165 1400 2203 Iterum
1445 2180 1484 2216 p.
1520 2170 1613 2205 350.

921 2230 1070 2281 Ἀθρεΐν
1082 2243 1093 2266 :·
1117 2230 1169 2267 τὸ
1184 2235 1423 2282 περισκοπεῖν
1440 2229 1498 2267 καὶ
1510 2229 1614 2279 pem-a*

919 2292 1132 2343 ἐπιτάσεως
1160 2295 1264 2349 ὁρᾷν.
1297 2294 1612 2347 παραδειγμάτων

922 2356 960 2395 δὲ
995 2356 1123 2394 πάντα
1157 2358 1299 2405 μεστά.
1365 2359 1481 2410 Soph.
1518 2358 1610 2397 OEd·

922 2420 1005 2458 Col.
1027 2424 1118 2459 252.
1153 2421 1212 2459 Ου’
1229 2423 1303 2476 ’γᾶρ
1318 2423 1408 2470 ἴδοις·
1424 2422 1471 2462 ἄν
1488 2422 1612 2473 ᾰθρᾶν

918 2482 1244 2534 sspo76v‚—Conf.
1263 2484 1325 2522 El.
1339 2484 1433 2531 696,
1450 2490 1487 2529 7.
1518 2484 1608 2522 Eur.

920 2547 1061 2589 Bacch.
1077 2551 1192 2586 1058.
1211 2549 1344 2589 ὅσσοιν
1361 2550 1482 2602 α’θραῖν
1497 2546 1609 2587 Β.,.Ρ.

923 2611 1071 2658 Tracts,
1088 2617 1237 2661 p.,234.
1265 2614 1369 2651 Med.
1387 2616 1478 2651 532.
1505 2616 1528 2635 “
1546 2609 1609 2657 θῆ-

921 2691 1035 2723 σομαι
1067 2668 1276 2727 significare
1311 2678 1467 2717 debebat
1496 2676 1607 2726 judi-

919 2741 1019 2778 cabo.
1074 2742 1163 2780 Non
1186 2742 1325 2780 invitus
1343 2742 1505 2791 legerem
1521 2739 1607 2780 αὕτ’
