<?xml version="1.0" encoding="UTF-8"?>
<!DOCTYPE html PUBLIC "-//W3C//DTD XHTML 1.0 Transitional//EN"
    "http://www.w3.org/TR/xhtml1/DTD/xhtml1-transitional.dtd">
<html xmlns="http://www.w3.org/1999/xhtml" xml:lang="en" lang="en">
 <head>
  <title>
</title>
<meta http-equiv="Content-Type" content="text/html;charset=utf-8" />
  <meta name='ocr-system' content='tesseract 3.04.00' />
  <meta name='ocr-capabilities' content='ocr_page ocr_carea ocr_par ocr_line ocrx_word'/>
</head>
<body>
  <div class='ocr_page' id='page_1' title='image "./miscellaneacriti00daweuoft_0354.png"; bbox 0 0 1864 3132; ppageno 0'>
   <div class='ocr_carea' id='block_1_1' title="bbox 136 1280 231 1330">
    <p class='ocr_par' dir='ltr' id='par_1_1' title="bbox 136 1280 231 1330">
     <span class='ocr_line' id='line_1_1' title="bbox 136 1280 231 1330; baseline 0 -1"><span class='ocrx_word' id='word_1_1' title='bbox 136 1280 231 1330; x_wconf 87' lang='lat'><strong>160</strong></span> 
     </span>
    </p>
   </div>
   <div class='ocr_carea' id='block_1_2' title="bbox 270 155 1718 804">
    <p class='ocr_par' dir='ltr' id='par_1_2' title="bbox 270 155 1718 804">
     <span class='ocr_line' id='line_1_2' title="bbox 950 155 1052 206; baseline 0 0"><span class='ocrx_word' id='word_1_2' title='bbox 950 155 1052 206; x_wconf 78' lang='lat'><strong>282</strong></span> 
     </span>
     <span class='ocr_line' id='line_1_3' title="bbox 278 260 1716 334; baseline 0.005 -21"><span class='ocrx_word' id='word_1_3' title='bbox 278 260 411 314; x_wconf 89' lang='lat' dir='ltr'><strong>Hinc</strong></span> <span class='ocrx_word' id='word_1_4' title='bbox 454 264 638 313; x_wconf 86' lang='lat' dir='ltr'><strong>factum</strong></span> <span class='ocrx_word' id='word_1_5' title='bbox 686 264 921 324; x_wconf 71' lang='lat' dir='ltr'><strong>videmuS,</strong></span> <span class='ocrx_word' id='word_1_6' title='bbox 968 271 1023 313; x_wconf 88' lang='lat' dir='ltr'><strong>ut</strong></span> <span class='ocrx_word' id='word_1_7' title='bbox 1072 265 1123 314; x_wconf 91' lang='lat' dir='ltr'><strong>in</strong></span> <span class='ocrx_word' id='word_1_8' title='bbox 1171 265 1398 315; x_wconf 80' lang='lat' dir='ltr'><strong>omnibus</strong></span> <span class='ocrx_word' id='word_1_9' title='bbox 1442 265 1716 334; x_wconf 80' lang='lat' dir='ltr'><strong>hujusmodi</strong></span> 
     </span>
     <span class='ocr_line' id='line_1_4' title="bbox 276 344 1718 413; baseline 0.003 -18"><span class='ocrx_word' id='word_1_10' title='bbox 276 346 436 395; x_wconf 78' lang='lat' dir='ltr'><strong>verbis</strong></span> <span class='ocrx_word' id='word_1_11' title='bbox 479 351 591 410; x_wconf 84' lang='lat' dir='ltr'><strong>post</strong></span> <span class='ocrx_word' id='word_1_12' title='bbox 630 344 708 395; x_wconf 89' lang='lat' dir='ltr'><strong>vel</strong></span> <span class='ocrx_word' id='word_1_13' title='bbox 741 351 1058 412; x_wconf 85' lang='lat' dir='ltr'><strong>augmentum</strong></span> <span class='ocrx_word' id='word_1_14' title='bbox 1098 347 1173 396; x_wconf 87' lang='lat' dir='ltr'><strong>vel</strong></span> <span class='ocrx_word' id='word_1_15' title='bbox 1213 363 1383 396; x_wconf 88' lang='lat' dir='ltr'><strong>vocem</strong></span> <span class='ocrx_word' id='word_1_16' title='bbox 1420 364 1718 413; x_wconf 89' lang='lat' dir='ltr'><strong>componen-</strong></span> 
     </span>
     <span class='ocr_line' id='line_1_5' title="bbox 275 422 1717 491; baseline 0.003 -21"><span class='ocrx_word' id='word_1_17' title='bbox 275 429 373 471; x_wconf 90' lang='lat' dir='ltr'><strong>tem</strong></span> <span class='ocrx_word' id='word_1_18' title='bbox 418 422 560 471; x_wconf 85' lang='lat' dir='ltr'><strong>litera</strong></span> <span class='ocrx_word' id='word_1_19' title='bbox 607 445 636 489; x_wconf 85' lang='lat' dir='ltr'>p</span> <span class='ocrx_word' id='word_1_20' title='bbox 687 423 817 487; x_wconf 88' lang='lat' dir='ltr'><strong>apud</strong></span> <span class='ocrx_word' id='word_1_21' title='bbox 871 423 1127 487; x_wconf 86' lang='lat' dir='ltr'><strong>scriptores</strong></span> <span class='ocrx_word' id='word_1_22' title='bbox 1185 425 1369 472; x_wconf 84' lang='lat' dir='ltr'><strong>Atticos</strong></span> <span class='ocrx_word' id='word_1_23' title='bbox 1422 425 1717 491; x_wconf 84' lang='lat' dir='ltr'><strong>geminetur.</strong></span> 
     </span>
     <span class='ocr_line' id='line_1_6' title="bbox 274 499 1714 567; baseline 0.003 -19"><span class='ocrx_word' id='word_1_24' title='bbox 274 499 566 567; x_wconf 72' lang='lat' dir='ltr'><strong>Hujiismodi</strong></span> <span class='ocrx_word' id='word_1_25' title='bbox 626 506 742 549; x_wconf 78' lang='lat' dir='ltr'><strong>sunt</strong></span> <span class='ocrx_word' id='word_1_26' title='bbox 807 522 1094 567; x_wconf 69' lang='lat' dir='ltr'><strong>eveppvywae·</strong></span> <span class='ocrx_word' id='word_1_27' title='bbox 1137 502 1383 566; x_wconf 87' lang='lat' dir='ltr'><strong>Aristoph.</strong></span> <span class='ocrx_word' id='word_1_28' title='bbox 1444 502 1573 552; x_wconf 87' lang='lat' dir='ltr'><strong>Plut.</strong></span> <span class='ocrx_word' id='word_1_29' title='bbox 1615 514 1714 557; x_wconf 86' lang='lat'><strong>847.</strong></span> 
     </span>
     <span class='ocr_line' id='line_1_7' title="bbox 272 576 1716 648; baseline 0.003 -21"><span class='ocrx_word' id='word_1_30' title='bbox 272 576 551 645; x_wconf 70' lang='grc' dir='ltr'>διαρραγειης</span> <span class='ocrx_word' id='word_1_31' title='bbox 585 589 686 633; x_wconf 86' lang='grc'><strong>893.</strong></span> <span class='ocrx_word' id='word_1_32' title='bbox 729 602 897 647; x_wconf 76' lang='grc' dir='ltr'>ερραὙη</span> <span class='ocrx_word' id='word_1_33' title='bbox 930 580 1067 631; x_wconf 87' lang='lat' dir='ltr'><strong>Nub.</strong></span> <span class='ocrx_word' id='word_1_34' title='bbox 1093 591 1191 630; x_wconf 82' lang='lat'><strong>583.</strong></span> <span class='ocrx_word' id='word_1_35' title='bbox 1234 579 1575 648; x_wconf 55' lang='lat' dir='ltr'><strong>Saeppvnacocrwffl</strong></span> <span class='ocrx_word' id='word_1_36' title='bbox 1613 593 1716 637; x_wconf 89' lang='grc'><strong>871.</strong></span> 
     </span>
     <span class='ocr_line' id='line_1_8' title="bbox 271 655 1715 725; baseline 0.003 -21"><span class='ocrx_word' id='word_1_37' title='bbox 271 655 565 723; x_wconf 74' lang='grc' dir='ltr'>ὖπορρεοντος</span> <span class='ocrx_word' id='word_1_38' title='bbox 606 658 694 722; x_wconf 89' lang='lat' dir='ltr'><strong>[m.</strong></span> <span class='ocrx_word' id='word_1_39' title='bbox 732 658 1010 725; x_wconf 77' lang='grc' dir='ltr'>επὶῥεοντος]</span> <span class='ocrx_word' id='word_1_40' title='bbox 1061 669 1183 712; x_wconf 75' lang='lat'><strong>1292.</strong></span> <span class='ocrx_word' id='word_1_41' title='bbox 1251 681 1546 725; x_wconf 72' lang='grc' dir='ltr'>επιρρεοντων</span> <span class='ocrx_word' id='word_1_42' title='bbox 1590 672 1715 715; x_wconf 82' lang='lat'><strong>1297.</strong></span> 
     </span>
     <span class='ocr_line' id='line_1_9' title="bbox 270 733 1715 804; baseline 0.001 -19"><span class='ocrx_word' id='word_1_43' title='bbox 270 733 548 804; x_wconf 68' lang='grc' dir='ltr'>ὃικορραφειν</span> <span class='ocrx_word' id='word_1_44' title='bbox 591 746 717 786; x_wconf 85' lang='grc'><strong>1485.</strong></span> <span class='ocrx_word' id='word_1_45' title='bbox 773 759 1143 804; x_wconf 70' lang='grc' dir='ltr'>παραρραγεντος</span> <span class='ocrx_word' id='word_1_46' title='bbox 1183 735 1314 785; x_wconf 79' lang='lat' dir='ltr'><strong>Rau.</strong></span> <span class='ocrx_word' id='word_1_47' title='bbox 1340 747 1441 785; x_wconf 84' lang='lat'><strong>415.</strong></span> <span class='ocrx_word' id='word_1_48' title='bbox 1494 745 1715 804; x_wconf 79' lang='grc' dir='ltr'>πολυρρο-</span> 
     </span>
    </p>
   </div>
   <div class='ocr_carea' id='block_1_3' title="bbox 269 811 1714 959">
    <p class='ocr_par' dir='ltr' id='par_1_3' title="bbox 269 811 1714 959">
     <span class='ocr_line' id='line_1_10' title="bbox 270 811 1714 882; baseline 0.002 -20"><span class='ocrx_word' id='word_1_49' title='bbox 270 811 364 867; x_wconf 55' lang='lat' dir='ltr'><strong>&amp;ove</strong></span> <span class='ocrx_word' id='word_1_50' title='bbox 413 825 513 863; x_wconf 87' lang='lat'>451.</span> <span class='ocrx_word' id='word_1_51' title='bbox 597 813 829 882; x_wconf 75' lang='grc' dir='ltr'>προρριζος</span> <span class='ocrx_word' id='word_1_52' title='bbox 872 825 971 869; x_wconf 89' lang='grc'><em>595.</em></span> <span class='ocrx_word' id='word_1_53' title='bbox 1058 820 1572 881; x_wconf 77' lang='grc' dir='ltr'>κομποφακελορρημονα</span> <span class='ocrx_word' id='word_1_54' title='bbox 1612 821 1714 865; x_wconf 86' lang='grc'><strong>863.</strong></span> 
     </span>
     <span class='ocr_line' id='line_1_11' title="bbox 269 891 1714 959; baseline 0.001 -19"><span class='ocrx_word' id='word_1_55' title='bbox 269 912 628 957; x_wconf 78' lang='grc' dir='ltr'>κατερρινημενον</span> <span class='ocrx_word' id='word_1_56' title='bbox 648 903 749 945; x_wconf 88' lang='grc'><strong>931.</strong></span> <span class='ocrx_word' id='word_1_57' title='bbox 791 914 1064 958; x_wconf 81' lang='grc' dir='ltr'>αναρρηὙνυς</span> <span class='ocrx_word' id='word_1_58' title='bbox 1089 891 1217 955; x_wconf 84' lang='lat' dir='ltr'><strong>Equ.</strong></span> <span class='ocrx_word' id='word_1_59' title='bbox 1243 897 1344 940; x_wconf 73' lang='lat'><strong>623.</strong></span> <span class='ocrx_word' id='word_1_60' title='bbox 1387 898 1714 959; x_wconf 78' lang='grc' dir='ltr'><strong>νευρορραφοις.</strong></span> 
     </span>
    </p>
   </div>
   <div class='ocr_carea' id='block_1_4' title="bbox 270 969 1802 1039">
    <p class='ocr_par' dir='ltr' id='par_1_4' title="bbox 270 969 1802 1039">
     <span class='ocr_line' id='line_1_12' title="bbox 270 969 1802 1039; baseline 0.002 -22"><span class='ocrx_word' id='word_1_61' title='bbox 270 975 369 1022; x_wconf 86' lang='lat'><strong>736.</strong></span> <span class='ocrx_word' id='word_1_62' title='bbox 415 992 732 1036; x_wconf 81' lang='grc' dir='ltr'>καταρρεοντες</span> <span class='ocrx_word' id='word_1_63' title='bbox 757 971 973 1019; x_wconf 82' lang='lat' dir='ltr'><strong>Acharn.</strong></span> <span class='ocrx_word' id='word_1_64' title='bbox 1000 976 1070 1019; x_wconf 77' lang='lat'><strong>26.</strong></span> <span class='ocrx_word' id='word_1_65' title='bbox 1119 974 1374 1036; x_wconf 82' lang='grc' dir='ltr'>κακορροθει</span> <span class='ocrx_word' id='word_1_66' title='bbox 1409 977 1511 1023; x_wconf 87' lang='grc'><strong>576.</strong></span> <span class='ocrx_word' id='word_1_67' title='bbox 1559 969 1714 1039; x_wconf 71' lang='grc' dir='ltr'><em>ὕδρορ-</em></span> <span class='ocrx_word' id='word_1_68' title='bbox 1798 1023 1802 1026; x_wconf 65' lang='grc'><strong>,</strong></span> 
     </span>
    </p>
   </div>
   <div class='ocr_carea' id='block_1_5' title="bbox 260 1042 1714 1714">
    <p class='ocr_par' dir='ltr' id='par_1_5' title="bbox 260 1042 1714 1714">
     <span class='ocr_line' id='line_1_13' title="bbox 266 1042 1710 1112; baseline 0.001 -19"><span class='ocrx_word' id='word_1_69' title='bbox 266 1065 371 1110; x_wconf 63' lang='lat' dir='ltr'><strong>pons</strong></span> <span class='ocrx_word' id='word_1_70' title='bbox 410 1055 510 1099; x_wconf 72' lang='lat'><strong>922.</strong></span> <span class='ocrx_word' id='word_1_71' title='bbox 581 1042 865 1112; x_wconf 63' lang='grc' dir='ltr'>πυρορρὰγὲς</span> <span class='ocrx_word' id='word_1_72' title='bbox 906 1057 1006 1100; x_wconf 73' lang='lat'><strong>932.</strong></span> <span class='ocrx_word' id='word_1_73' title='bbox 1088 1051 1238 1108; x_wconf 88' lang='lat' dir='ltr'><strong>atque</strong></span> <span class='ocrx_word' id='word_1_74' title='bbox 1289 1044 1386 1094; x_wconf 83' lang='lat' dir='ltr'><strong>alia</strong></span> <span class='ocrx_word' id='word_1_75' title='bbox 1436 1045 1710 1095; x_wconf 86' lang='lat' dir='ltr'><strong>innumera.</strong></span> 
     </span>
     <span class='ocr_line' id='line_1_14' title="bbox 266 1122 1714 1187; baseline 0.001 -15"><span class='ocrx_word' id='word_1_76' title='bbox 266 1122 464 1187; x_wconf 87' lang='lat' dir='ltr'><strong>Nempe</strong></span> <span class='ocrx_word' id='word_1_77' title='bbox 510 1124 617 1172; x_wconf 86' lang='lat' dir='ltr'><strong>haec</strong></span> <span class='ocrx_word' id='word_1_78' title='bbox 663 1124 907 1172; x_wconf 88' lang='lat' dir='ltr'><strong>scribendi</strong></span> <span class='ocrx_word' id='word_1_79' title='bbox 957 1124 1083 1171; x_wconf 89' lang='lat' dir='ltr'><strong>ratio</strong></span> <span class='ocrx_word' id='word_1_80' title='bbox 1133 1123 1290 1187; x_wconf 89' lang='lat' dir='ltr'><strong>primo</strong></span> <span class='ocrx_word' id='word_1_81' title='bbox 1340 1123 1391 1171; x_wconf 92' lang='lat' dir='ltr'><strong>in</strong></span> <span class='ocrx_word' id='word_1_82' title='bbox 1448 1123 1714 1173; x_wconf 88' lang='lat' dir='ltr'><strong>Poetarum</strong></span> 
     </span>
     <span class='ocr_line' id='line_1_15' title="bbox 264 1199 1712 1265; baseline 0.001 -17"><span class='ocrx_word' id='word_1_83' title='bbox 264 1201 447 1265; x_wconf 89' lang='lat' dir='ltr'><strong>scripta</strong></span> <span class='ocrx_word' id='word_1_84' title='bbox 470 1201 612 1250; x_wconf 89' lang='lat' dir='ltr'><strong>metri</strong></span> <span class='ocrx_word' id='word_1_85' title='bbox 635 1199 943 1250; x_wconf 84' lang='lat' dir='ltr'><strong>suffulciendi</strong></span> <span class='ocrx_word' id='word_1_86' title='bbox 974 1216 1120 1249; x_wconf 86' lang='lat' dir='ltr'><strong>causa</strong></span> <span class='ocrx_word' id='word_1_87' title='bbox 1150 1200 1374 1265; x_wconf 89' lang='lat' dir='ltr'><strong>imperite</strong></span> <span class='ocrx_word' id='word_1_88' title='bbox 1404 1201 1597 1250; x_wconf 88' lang='lat' dir='ltr'><strong>invecta</strong></span> <span class='ocrx_word' id='word_1_89' title='bbox 1621 1207 1712 1261; x_wconf 90' lang='lat' dir='ltr'><strong>est,</strong></span> 
     </span>
     <span class='ocr_line' id='line_1_16' title="bbox 265 1271 1713 1347; baseline 0.001 -21"><span class='ocrx_word' id='word_1_90' title='bbox 265 1271 465 1344; x_wconf 82' lang='lat' dir='ltr'><strong>*atque</strong></span> <span class='ocrx_word' id='word_1_91' title='bbox 505 1278 619 1327; x_wconf 90' lang='lat' dir='ltr'><strong>inde</strong></span> <span class='ocrx_word' id='word_1_92' title='bbox 659 1279 710 1327; x_wconf 93' lang='lat' dir='ltr'><strong>in</strong></span> <span class='ocrx_word' id='word_1_93' title='bbox 747 1278 955 1327; x_wconf 90' lang='lat' dir='ltr'><strong>solutam</strong></span> <span class='ocrx_word' id='word_1_94' title='bbox 993 1278 1265 1347; x_wconf 70' lang='lat' dir='ltr'><strong>orationern</strong></span> <span class='ocrx_word' id='word_1_95' title='bbox 1311 1278 1542 1329; x_wconf 81' lang='lat' dir='ltr'><strong>derivata.</strong></span> <span class='ocrx_word' id='word_1_96' title='bbox 1615 1278 1713 1327; x_wconf 90' lang='lat' dir='ltr'><strong>Im-</strong></span> 
     </span>
     <span class='ocr_line' id='line_1_17' title="bbox 263 1355 1712 1421; baseline 0.001 -18"><span class='ocrx_word' id='word_1_97' title='bbox 263 1355 422 1419; x_wconf 87' lang='lat' dir='ltr'><strong>perite</strong></span> <span class='ocrx_word' id='word_1_98' title='bbox 443 1356 642 1419; x_wconf 89' lang='lat' dir='ltr'><strong>inquam</strong></span> <span class='ocrx_word' id='word_1_99' title='bbox 666 1376 677 1405; x_wconf 93' lang='lat'>:</span> <span class='ocrx_word' id='word_1_100' title='bbox 727 1373 858 1404; x_wconf 85' lang='lat' dir='ltr'><strong>nam·</strong></span> <span class='ocrx_word' id='word_1_101' title='bbox 877 1357 1124 1405; x_wconf 87' lang='lat' dir='ltr'><strong>observari</strong></span> <span class='ocrx_word' id='word_1_102' title='bbox 1159 1356 1400 1421; x_wconf 72' lang='lat' dir='ltr'><strong>potuisset</strong></span> <span class='ocrx_word' id='word_1_103' title='bbox 1429 1357 1580 1406; x_wconf 80' lang='lat' dir='ltr'><strong>verba</strong></span> <span class='ocrx_word' id='word_1_104' title='bbox 1610 1372 1712 1405; x_wconf 82' lang='lat' dir='ltr'><strong>nou</strong></span> 
     </span>
     <span class='ocr_line' id='line_1_18' title="bbox 262 1432 1714 1498; baseline 0.002 -19"><span class='ocrx_word' id='word_1_105' title='bbox 262 1433 528 1496; x_wconf 83' lang='lat' dir='ltr'><strong>composita</strong></span> <span class='ocrx_word' id='word_1_106' title='bbox 572 1449 602 1480; x_wconf 92' lang='lat' dir='ltr'><strong>a</strong></span> <span class='ocrx_word' id='word_1_107' title='bbox 645 1432 675 1498; x_wconf 88' lang='grc' dir='ltr'>ῥ</span> <span class='ocrx_word' id='word_1_108' title='bbox 719 1433 1004 1498; x_wconf 85' lang='lat' dir='ltr'><strong>incipientia</strong></span> <span class='ocrx_word' id='word_1_109' title='bbox 1048 1435 1176 1482; x_wconf 90' lang='lat' dir='ltr'><strong>vires</strong></span> <span class='ocrx_word' id='word_1_110' title='bbox 1223 1434 1389 1482; x_wconf 90' lang='lat' dir='ltr'><strong>itidem</strong></span> <span class='ocrx_word' id='word_1_111' title='bbox 1436 1439 1570 1482; x_wconf 91' lang='lat' dir='ltr'><strong>retro</strong></span> <span class='ocrx_word' id='word_1_112' title='bbox 1609 1433 1714 1483; x_wconf 86' lang='lat' dir='ltr'><strong>suf·</strong></span> 
     </span>
     <span class='ocr_line' id='line_1_19' title="bbox 263 1500 1712 1575; baseline 0.001 -19"><span class='ocrx_word' id='word_1_113' title='bbox 263 1509 426 1568; x_wconf 88' lang='lat' dir='ltr'><strong>ficere,</strong></span> <span class='ocrx_word' id='word_1_114' title='bbox 494 1525 553 1557; x_wconf 89' lang='lat' dir='ltr'><strong>ac</strong></span> <span class='ocrx_word' id='word_1_115' title='bbox 610 1509 780 1559; x_wconf 87' lang='lat' dir='ltr'><strong>finales</strong></span> <span class='ocrx_word' id='word_1_116' title='bbox 832 1510 1215 1575; x_wconf 88' lang='lat' dir='ltr'><strong>praecedentium</strong></span> <span class='ocrx_word' id='word_1_117' title='bbox 1267 1500 1477 1575; x_wconf 81' lang='lat' dir='ltr'><strong>syllabas</strong></span> <span class='ocrx_word' id='word_1_118' title='bbox 1533 1515 1712 1558; x_wconf 82' lang='lat' dir='ltr'><strong>natura</strong></span> 
     </span>
     <span class='ocr_line' id='line_1_20' title="bbox 260 1585 1712 1653; baseline 0.001 -19"><span class='ocrx_word' id='word_1_119' title='bbox 260 1586 433 1635; x_wconf 88' lang='lat' dir='ltr'><strong>breves</strong></span> <span class='ocrx_word' id='word_1_120' title='bbox 473 1593 755 1635; x_wconf 89' lang='lat' dir='ltr'><strong>constanter</strong></span> <span class='ocrx_word' id='word_1_121' title='bbox 794 1588 1080 1652; x_wconf 87' lang='lat' dir='ltr'><strong>producere.</strong></span> <span class='ocrx_word' id='word_1_122' title='bbox 1169 1585 1324 1653; x_wconf 87' lang='lat' dir='ltr'><strong>Cujus</strong></span> <span class='ocrx_word' id='word_1_123' title='bbox 1370 1587 1442 1635; x_wconf 90' lang='lat' dir='ltr'><strong>rei</strong></span> <span class='ocrx_word' id='word_1_124' title='bbox 1488 1586 1712 1652; x_wconf 84' lang='lat' dir='ltr'><strong>exempla</strong></span> 
     </span>
     <span class='ocr_line' id='line_1_21' title="bbox 260 1659 1540 1714; baseline 0.002 -2"><span class='ocrx_word' id='word_1_125' title='bbox 260 1664 380 1714; x_wconf 87' lang='lat' dir='ltr'><strong>libet</strong></span> <span class='ocrx_word' id='word_1_126' title='bbox 405 1665 695 1714; x_wconf 87' lang='lat' dir='ltr'><strong>describere.</strong></span> <span class='ocrx_word' id='word_1_127' title='bbox 768 1665 906 1714; x_wconf 91' lang='lat' dir='ltr'><strong>Nub.</strong></span> <span class='ocrx_word' id='word_1_128' title='bbox 932 1676 1032 1714; x_wconf 82' lang='lat'><strong>343.</strong></span> <span class='ocrx_word' id='word_1_129' title='bbox 1537 1659 1540 1662; x_wconf 43' lang='lat'>¹</span> 
     </span>
    </p>
   </div>
   <div class='ocr_carea' id='block_1_6' title="bbox 396 1750 1710 1898">
    <p class='ocr_par' dir='ltr' id='par_1_6' title="bbox 396 1750 1710 1898">
     <span class='ocr_line' id='line_1_22' title="bbox 396 1750 1710 1821; baseline -0.002 -18"><span class='ocrx_word' id='word_1_130' title='bbox 396 1760 538 1821; x_wconf 87' lang='grc' dir='ltr'><strong><em>Κουχι</em></strong></span> <span class='ocrx_word' id='word_1_131' title='bbox 568 1756 782 1818; x_wconf 71' lang='grc' dir='ltr'>Ὑυνωξιν,</span> <span class='ocrx_word' id='word_1_132' title='bbox 811 1778 873 1812; x_wconf 83' lang='grc' dir='ltr'><strong>μα</strong></span> <span class='ocrx_word' id='word_1_133' title='bbox 897 1761 974 1812; x_wconf 88' lang='grc' dir='ltr'><strong>Δι,</strong></span> <span class='ocrx_word' id='word_1_134' title='bbox 1005 1751 1080 1802; x_wconf 72' lang='grc' dir='ltr'><strong>ουδ</strong></span> <span class='ocrx_word' id='word_1_135' title='bbox 1106 1754 1270 1802; x_wconf 79' lang='grc' dir='ltr'><strong>ὁτιουν.</strong></span> <span class='ocrx_word' id='word_1_136' title='bbox 1307 1753 1442 1802; x_wconf 64' lang='lat' dir='ltr'><strong>durat</strong></span> <span class='ocrx_word' id='word_1_137' title='bbox 1465 1750 1562 1801; x_wconf 64' lang='lat'><strong>86⁸⁵</strong></span> <span class='ocrx_word' id='word_1_138' title='bbox 1591 1752 1710 1818; x_wconf 74' lang='grc' dir='ltr'>ῥινας</span> 
     </span>
     <span class='ocr_line' id='line_1_23' title="bbox 593 1853 787 1898; baseline -0.005 -18"><span class='ocrx_word' id='word_1_139' title='bbox 593 1853 787 1898; x_wconf 82' lang='grc' dir='ltr'><strong>εχουσιν.</strong></span> 
     </span>
    </p>
   </div>
   <div class='ocr_carea' id='block_1_7' title="bbox 256 1971 957 2802">
    <p class='ocr_par' dir='ltr' id='par_1_7' title="bbox 256 1971 957 2802">
     <span class='ocr_line' id='line_1_24' title="bbox 340 1971 957 2025; baseline -0.008 -12"><span class='ocrx_word' id='word_1_140' title='bbox 340 1978 405 2013; x_wconf 77' lang='grc'><strong>84.</strong></span> <span class='ocrx_word' id='word_1_141' title='bbox 452 1977 476 1997; x_wconf 83' lang='grc'><strong>“</strong></span> <span class='ocrx_word' id='word_1_142' title='bbox 509 1972 611 2011; x_wconf 81' lang='lat' dir='ltr'><strong>Suid.</strong></span> <span class='ocrx_word' id='word_1_143' title='bbox 672 1971 957 2025; x_wconf 63' lang='lat' dir='ltr'><strong>Sat-&#39;ppvnxo&#39;o’tm&#39;&#39;</strong></span> 
     </span>
     <span class='ocr_line' id='line_1_25' title="bbox 262 2036 956 2089; baseline -0.007 -11"><span class='ocrx_word' id='word_1_144' title='bbox 262 2040 310 2078; x_wconf 88' lang='lat' dir='ltr'><strong>R.</strong></span> <span class='ocrx_word' id='word_1_145' title='bbox 323 2039 369 2077; x_wconf 92' lang='lat' dir='ltr'><strong>P.</strong></span> <span class='ocrx_word' id='word_1_146' title='bbox 387 2039 486 2089; x_wconf 82' lang='lat' dir='ltr'><strong>apud</strong></span> <span class='ocrx_word' id='word_1_147' title='bbox 503 2037 548 2076; x_wconf 88' lang='lat' dir='ltr'><strong>P.</strong></span> <span class='ocrx_word' id='word_1_148' title='bbox 562 2037 608 2076; x_wconf 89' lang='lat' dir='ltr'><strong>P.</strong></span> <span class='ocrx_word' id='word_1_149' title='bbox 623 2036 675 2075; x_wconf 92' lang='lat' dir='ltr'><strong>D.</strong></span> <span class='ocrx_word' id='word_1_150' title='bbox 696 2041 811 2082; x_wconf 77' lang='lat'><strong>1292.</strong></span> <span class='ocrx_word' id='word_1_151' title='bbox 830 2039 894 2074; x_wconf 68' lang='grc' dir='ltr'><strong>ὑπ.</strong></span> <span class='ocrx_word' id='word_1_152' title='bbox 910 2036 956 2074; x_wconf 92' lang='lat' dir='ltr'><strong>C.</strong></span> 
     </span>
     <span class='ocr_line' id='line_1_26' title="bbox 259 2100 956 2142; baseline -0.006 0"><span class='ocrx_word' id='word_1_153' title='bbox 259 2103 314 2142; x_wconf 88' lang='lat' dir='ltr'><strong>D.</strong></span> <span class='ocrx_word' id='word_1_154' title='bbox 330 2104 373 2141; x_wconf 82' lang='lat' dir='ltr'><strong>F.</strong></span> <span class='ocrx_word' id='word_1_155' title='bbox 393 2109 430 2141; x_wconf 88' lang='lat' dir='ltr'><strong>et</strong></span> <span class='ocrx_word' id='word_1_156' title='bbox 446 2108 522 2141; x_wconf 85' lang='lat' dir='ltr'><strong>tres</strong></span> <span class='ocrx_word' id='word_1_157' title='bbox 540 2101 659 2140; x_wconf 80' lang='lat' dir='ltr'><strong>MSS.</strong></span> <span class='ocrx_word' id='word_1_158' title='bbox 680 2100 790 2140; x_wconf 84' lang='lat' dir='ltr'><strong>Harl.</strong></span> <span class='ocrx_word' id='word_1_159' title='bbox 817 2102 886 2139; x_wconf 83' lang='grc' dir='ltr'><strong>α’π.</strong></span> <span class='ocrx_word' id='word_1_160' title='bbox 909 2102 956 2140; x_wconf 92' lang='lat' dir='ltr'><strong>E.</strong></span> 
     </span>
     <span class='ocr_line' id='line_1_27' title="bbox 260 2166 957 2219; baseline -0.003 -13"><span class='ocrx_word' id='word_1_161' title='bbox 260 2175 286 2193; x_wconf 71' lang='lat'><strong>‘⁴</strong></span> <span class='ocrx_word' id='word_1_162' title='bbox 301 2169 497 2219; x_wconf 84' lang='lat' dir='ltr'><strong>vulgatum</strong></span> <span class='ocrx_word' id='word_1_163' title='bbox 516 2166 645 2205; x_wconf 82' lang='lat' dir='ltr'><strong>laudat</strong></span> <span class='ocrx_word' id='word_1_164' title='bbox 664 2167 796 2204; x_wconf 85' lang='lat' dir='ltr'><strong>Suidas</strong></span> <span class='ocrx_word' id='word_1_165' title='bbox 830 2177 867 2203; x_wconf 87' lang='lat' dir='ltr'><strong>v.</strong></span> <span class='ocrx_word' id='word_1_166' title='bbox 887 2167 957 2204; x_wconf 57' lang='lat' dir='ltr'><strong>‘ro‘-</strong></span> 
     </span>
     <span class='ocr_line' id='line_1_28' title="bbox 259 2230 951 2282; baseline -0.007 -10"><span class='ocrx_word' id='word_1_167' title='bbox 259 2250 334 2273; x_wconf 74' lang='grc' dir='ltr'><strong>κος.</strong></span> <span class='ocrx_word' id='word_1_168' title='bbox 383 2232 523 2271; x_wconf 89' lang='lat' dir='ltr'><strong>Confer</strong></span> <span class='ocrx_word' id='word_1_169' title='bbox 559 2230 732 2282; x_wconf 88' lang='lat' dir='ltr'><strong>AEschyl.</strong></span> <span class='ocrx_word' id='word_1_170' title='bbox 756 2230 951 2269; x_wconf 85' lang='lat' dir='ltr'><strong>Eumenid.</strong></span> 
     </span>
     <span class='ocr_line' id='line_1_29' title="bbox 259 2294 952 2352; baseline -0.01 -14"><span class='ocrx_word' id='word_1_171' title='bbox 259 2297 352 2338; x_wconf 85' lang='lat'><strong>856.</strong></span> <span class='ocrx_word' id='word_1_172' title='bbox 370 2298 432 2335; x_wconf 74' lang='lat' dir='ltr'><strong><em>‘ubi</em></strong></span> <span class='ocrx_word' id='word_1_173' title='bbox 441 2297 644 2352; x_wconf 76' lang='grc' dir='ltr'>δυ’πιῤῥέων</span> <span class='ocrx_word' id='word_1_174' title='bbox 654 2295 829 2350; x_wconf 67' lang='grc' dir='ltr'><strong>χρόνος.”</strong></span> <span class='ocrx_word' id='word_1_175' title='bbox 847 2295 896 2333; x_wconf 89' lang='lat' dir='ltr'><strong>R.</strong></span> <span class='ocrx_word' id='word_1_176' title='bbox 907 2294 952 2332; x_wconf 88' lang='lat' dir='ltr'><strong>P.</strong></span> 
     </span>
     <span class='ocr_line' id='line_1_30' title="bbox 257 2360 953 2414; baseline -0.006 -12"><span class='ocrx_word' id='word_1_177' title='bbox 257 2363 355 2414; x_wconf 84' lang='lat' dir='ltr'><strong>apud</strong></span> <span class='ocrx_word' id='word_1_178' title='bbox 381 2362 427 2400; x_wconf 88' lang='lat' dir='ltr'><strong>P.</strong></span> <span class='ocrx_word' id='word_1_179' title='bbox 444 2362 490 2400; x_wconf 92' lang='lat' dir='ltr'><strong>P.</strong></span> <span class='ocrx_word' id='word_1_180' title='bbox 505 2360 559 2400; x_wconf 93' lang='lat' dir='ltr'><strong>D.</strong></span> <span class='ocrx_word' id='word_1_181' title='bbox 591 2361 688 2399; x_wconf 88' lang='lat' dir='ltr'><strong>Ran.</strong></span> <span class='ocrx_word' id='word_1_182' title='bbox 707 2365 799 2406; x_wconf 87' lang='lat'><strong>931.</strong></span> <span class='ocrx_word' id='word_1_183' title='bbox 830 2365 852 2384; x_wconf 91' lang='lat'><strong><em>“</em></strong></span> <span class='ocrx_word' id='word_1_184' title='bbox 870 2361 953 2399; x_wconf 89' lang='lat' dir='ltr'><strong>Sui-</strong></span> 
     </span>
     <span class='ocr_line' id='line_1_31' title="bbox 256 2424 953 2481; baseline -0.006 -14"><span class='ocrx_word' id='word_1_185' title='bbox 256 2430 324 2467; x_wconf 78' lang='lat' dir='ltr'><strong>das</strong></span> <span class='ocrx_word' id='word_1_186' title='bbox 356 2440 393 2466; x_wconf 83' lang='lat' dir='ltr'><strong>V.</strong></span> <span class='ocrx_word' id='word_1_187' title='bbox 418 2427 752 2481; x_wconf 79' lang='grc' dir='ltr'>κατεῤῥινημένον”</span> <span class='ocrx_word' id='word_1_188' title='bbox 775 2425 824 2463; x_wconf 88' lang='lat' dir='ltr'><strong>R.</strong></span> <span class='ocrx_word' id='word_1_189' title='bbox 841 2424 886 2463; x_wconf 92' lang='grc' dir='ltr'><strong>Β.</strong></span> <span class='ocrx_word' id='word_1_190' title='bbox 915 2430 953 2463; x_wconf 77' lang='lat' dir='ltr'><strong>et</strong></span> 
     </span>
     <span class='ocr_line' id='line_1_32' title="bbox 256 2489 952 2541; baseline -0.007 -9"><span class='ocrx_word' id='word_1_191' title='bbox 256 2489 294 2532; x_wconf 61' lang='lat' dir='ltr'><strong>if.</strong></span> <span class='ocrx_word' id='word_1_192' title='bbox 324 2493 427 2541; x_wconf 74' lang='grc' dir='ltr'><strong><em>λῆμα</em></strong></span> <span class='ocrx_word' id='word_1_193' title='bbox 459 2492 517 2530; x_wconf 88' lang='lat' dir='ltr'><strong>ed.</strong></span> <span class='ocrx_word' id='word_1_194' title='bbox 550 2491 639 2529; x_wconf 92' lang='lat' dir='ltr'><strong>Ald.</strong></span> <span class='ocrx_word' id='word_1_195' title='bbox 671 2498 708 2530; x_wconf 90' lang='lat' dir='ltr'><strong>et</strong></span> <span class='ocrx_word' id='word_1_196' title='bbox 740 2491 860 2530; x_wconf 89' lang='lat' dir='ltr'><strong>schol.</strong></span> <span class='ocrx_word' id='word_1_197' title='bbox 895 2490 952 2528; x_wconf 91' lang='lat' dir='ltr'><strong>ed.</strong></span> 
     </span>
     <span class='ocr_line' id='line_1_33' title="bbox 257 2555 951 2606; baseline -0.006 -10"><span class='ocrx_word' id='word_1_198' title='bbox 257 2557 347 2596; x_wconf 86' lang='lat' dir='ltr'><strong>Ald.</strong></span> <span class='ocrx_word' id='word_1_199' title='bbox 381 2556 438 2595; x_wconf 90' lang='lat' dir='ltr'><strong>ed.</strong></span> <span class='ocrx_word' id='word_1_200' title='bbox 470 2555 624 2594; x_wconf 88' lang='lat' dir='ltr'><strong>Kuster.</strong></span> <span class='ocrx_word' id='word_1_201' title='bbox 650 2568 697 2593; x_wconf 88' lang='lat' dir='ltr'><strong>ex</strong></span> <span class='ocrx_word' id='word_1_202' title='bbox 724 2555 951 2606; x_wconf 64' lang='lat' dir='ltr'><strong>[Aristoph‘]</strong></span> 
     </span>
     <span class='ocr_line' id='line_1_34' title="bbox 258 2619 948 2674; baseline -0.006 -13"><span class='ocrx_word' id='word_1_203' title='bbox 258 2623 347 2661; x_wconf 89' lang='lat' dir='ltr'><strong>MS.</strong></span> <span class='ocrx_word' id='word_1_204' title='bbox 379 2622 471 2661; x_wconf 83' lang='lat' dir='ltr'><strong>Vat.</strong></span> <span class='ocrx_word' id='word_1_205' title='bbox 494 2632 536 2658; x_wconf 87' lang='lat' dir='ltr'><strong>U.</strong></span> <span class='ocrx_word' id='word_1_206' title='bbox 569 2621 871 2674; x_wconf 76' lang='grc' dir='ltr'><strong><em>κατερινισμένον</em></strong></span> <span class='ocrx_word' id='word_1_207' title='bbox 902 2619 948 2658; x_wconf 86' lang='grc' dir='ltr'><strong>Β.</strong></span> 
     </span>
     <span class='ocr_line' id='line_1_35' title="bbox 257 2684 950 2745; baseline -0.01 -17"><span class='ocrx_word' id='word_1_208' title='bbox 257 2704 450 2745; x_wconf 56' lang='grc' dir='ltr'><strong>-ερινημη</strong></span> <span class='ocrx_word' id='word_1_209' title='bbox 471 2685 575 2725; x_wconf 76' lang='lat' dir='ltr'><strong>Suid.</strong></span> <span class='ocrx_word' id='word_1_210' title='bbox 593 2685 700 2723; x_wconf 80' lang='lat' dir='ltr'><strong>MS.”</strong></span> <span class='ocrx_word' id='word_1_211' title='bbox 719 2685 770 2722; x_wconf 86' lang='lat' dir='ltr'><strong>R.</strong></span> <span class='ocrx_word' id='word_1_212' title='bbox 787 2685 834 2723; x_wconf 90' lang='lat' dir='ltr'><strong>P.</strong></span> <span class='ocrx_word' id='word_1_213' title='bbox 853 2684 950 2735; x_wconf 83' lang='lat' dir='ltr'><strong>apud</strong></span> 
     </span>
     <span class='ocr_line' id='line_1_36' title="bbox 262 2748 953 2802; baseline -0.01 -9"><span class='ocrx_word' id='word_1_214' title='bbox 262 2755 307 2793; x_wconf 92' lang='lat' dir='ltr'><strong>P.</strong></span> <span class='ocrx_word' id='word_1_215' title='bbox 328 2754 372 2791; x_wconf 91' lang='lat' dir='ltr'><strong>P.</strong></span> <span class='ocrx_word' id='word_1_216' title='bbox 395 2751 449 2790; x_wconf 91' lang='lat' dir='ltr'><strong>D.</strong></span> <span class='ocrx_word' id='word_1_217' title='bbox 487 2751 559 2802; x_wconf 83' lang='lat' dir='ltr'><strong>Eq.</strong></span> <span class='ocrx_word' id='word_1_218' title='bbox 583 2748 676 2789; x_wconf 78' lang='lat'><strong>623.</strong></span> <span class='ocrx_word' id='word_1_219' title='bbox 731 2755 753 2773; x_wconf 89' lang='lat'><strong>“</strong></span> <span class='ocrx_word' id='word_1_220' title='bbox 778 2750 881 2787; x_wconf 85' lang='lat' dir='ltr'><strong>Suid.</strong></span> <span class='ocrx_word' id='word_1_221' title='bbox 914 2761 953 2787; x_wconf 84' lang='lat' dir='ltr'><strong>v.</strong></span> 
     </span>
    </p>
   </div>
   <div class='ocr_carea' id='block_1_8' title="bbox 1006 1967 1710 2601">
    <p class='ocr_par' dir='ltr' id='par_1_8' title="bbox 1006 1967 1710 2399">
     <span class='ocr_line' id='line_1_37' title="bbox 1010 1967 1708 2025; baseline -0.001 -17"><span class='ocrx_word' id='word_1_222' title='bbox 1010 1969 1273 2025; x_wconf 71' lang='grc' dir='ltr'>α’ναῤῥηγνιῖς,”</span> <span class='ocrx_word' id='word_1_223' title='bbox 1291 1969 1341 2007; x_wconf 86' lang='lat' dir='ltr'><strong>R.</strong></span> <span class='ocrx_word' id='word_1_224' title='bbox 1356 1969 1403 2008; x_wconf 85' lang='lat' dir='ltr'><strong>P.</strong></span> <span class='ocrx_word' id='word_1_225' title='bbox 1421 1969 1520 2019; x_wconf 84' lang='lat' dir='ltr'><strong>apud</strong></span> <span class='ocrx_word' id='word_1_226' title='bbox 1538 1968 1587 2007; x_wconf 91' lang='grc' dir='ltr'><strong>Ρ.</strong></span> <span class='ocrx_word' id='word_1_227' title='bbox 1596 1967 1708 2008; x_wconf 88' lang='lat' dir='ltr'><strong>P.D.</strong></span> 
     </span>
     <span class='ocr_line' id='line_1_38' title="bbox 1011 2033 1710 2085; baseline 0 -12"><span class='ocrx_word' id='word_1_228' title='bbox 1011 2036 1181 2073; x_wconf 87' lang='lat' dir='ltr'><strong>Acharn.</strong></span> <span class='ocrx_word' id='word_1_229' title='bbox 1218 2033 1308 2080; x_wconf 84' lang='lat'><strong>576.</strong></span> <span class='ocrx_word' id='word_1_230' title='bbox 1386 2034 1520 2085; x_wconf 82' lang='lat' dir='ltr'><strong>Suidas</strong></span> <span class='ocrx_word' id='word_1_231' title='bbox 1569 2047 1607 2072; x_wconf 90' lang='lat' dir='ltr'><strong>v.</strong></span> <span class='ocrx_word' id='word_1_232' title='bbox 1642 2050 1710 2073; x_wconf 83' lang='grc' dir='ltr'><strong>κα-</strong></span> 
     </span>
     <span class='ocr_line' id='line_1_39' title="bbox 1010 2099 1710 2156; baseline -0.003 -17"><span class='ocrx_word' id='word_1_233' title='bbox 1010 2103 1194 2156; x_wconf 78' lang='grc' dir='ltr'><strong>κοῤῥοθεΐ.</strong></span> <span class='ocrx_word' id='word_1_234' title='bbox 1253 2099 1314 2138; x_wconf 81' lang='lat' dir='ltr'><strong>Sic</strong></span> <span class='ocrx_word' id='word_1_235' title='bbox 1338 2105 1376 2137; x_wconf 83' lang='lat' dir='ltr'><strong>et</strong></span> <span class='ocrx_word' id='word_1_236' title='bbox 1400 2099 1476 2138; x_wconf 80' lang='lat' dir='ltr'><strong>alii.</strong></span> <span class='ocrx_word' id='word_1_237' title='bbox 1533 2099 1606 2138; x_wconf 80' lang='lat' dir='ltr'><strong>Sed</strong></span> <span class='ocrx_word' id='word_1_238' title='bbox 1628 2111 1710 2138; x_wconf 77' lang='lat' dir='ltr'><strong>rec·</strong></span> 
     </span>
     <span class='ocr_line' id='line_1_40' title="bbox 1010 2163 1708 2218; baseline -0.003 -14"><span class='ocrx_word' id='word_1_239' title='bbox 1010 2172 1092 2204; x_wconf 85' lang='lat' dir='ltr'><strong>tum</strong></span> <span class='ocrx_word' id='word_1_240' title='bbox 1123 2165 1270 2204; x_wconf 87' lang='lat' dir='ltr'><strong>videtur</strong></span> <span class='ocrx_word' id='word_1_241' title='bbox 1300 2163 1508 2218; x_wconf 80' lang='grc' dir='ltr'><strong><em>κακοθρόει,</em></strong></span> <span class='ocrx_word' id='word_1_242' title='bbox 1544 2177 1568 2202; x_wconf 83' lang='lat' dir='ltr'><strong>a</strong></span> <span class='ocrx_word' id='word_1_243' title='bbox 1597 2163 1708 2202; x_wconf 81' lang='grc' dir='ltr'>κακό-</span> 
     </span>
     <span class='ocr_line' id='line_1_41' title="bbox 1007 2230 1707 2287; baseline -0.004 -16"><span class='ocrx_word' id='word_1_244' title='bbox 1007 2233 1128 2287; x_wconf 62' lang='grc' dir='ltr'><strong>θρρυφ.</strong></span> <span class='ocrx_word' id='word_1_245' title='bbox 1159 2231 1210 2271; x_wconf 86' lang='lat' dir='ltr'><strong>R.</strong></span> <span class='ocrx_word' id='word_1_246' title='bbox 1228 2231 1276 2271; x_wconf 91' lang='grc' dir='ltr'><strong>Β.</strong></span> <span class='ocrx_word' id='word_1_247' title='bbox 1303 2235 1396 2276; x_wconf 77' lang='lat'><strong>932.</strong></span> <span class='ocrx_word' id='word_1_248' title='bbox 1423 2236 1448 2254; x_wconf 91' lang='lat'>“</span> <span class='ocrx_word' id='word_1_249' title='bbox 1463 2230 1517 2269; x_wconf 79' lang='lat' dir='ltr'><strong>sie</strong></span> <span class='ocrx_word' id='word_1_250' title='bbox 1538 2230 1642 2269; x_wconf 85' lang='lat' dir='ltr'><strong>Suid.</strong></span> <span class='ocrx_word' id='word_1_251' title='bbox 1666 2230 1707 2268; x_wconf 71' lang='lat' dir='ltr'><strong>in</strong></span> 
     </span>
     <span class='ocr_line' id='line_1_42' title="bbox 1006 2292 1707 2348; baseline -0.004 -15"><span class='ocrx_word' id='word_1_252' title='bbox 1006 2308 1041 2333; x_wconf 80' lang='lat' dir='ltr'><strong>v.</strong></span> <span class='ocrx_word' id='word_1_253' title='bbox 1070 2301 1108 2333; x_wconf 86' lang='lat' dir='ltr'><strong>et</strong></span> <span class='ocrx_word' id='word_1_254' title='bbox 1134 2295 1173 2333; x_wconf 92' lang='lat' dir='ltr'><strong>in</strong></span> <span class='ocrx_word' id='word_1_255' title='bbox 1203 2294 1344 2348; x_wconf 78' lang='grc' dir='ltr'>ψόφου</span> <span class='ocrx_word' id='word_1_256' title='bbox 1362 2295 1425 2334; x_wconf 83' lang='grc' dir='ltr'><strong>π.”</strong></span> <span class='ocrx_word' id='word_1_257' title='bbox 1451 2294 1501 2332; x_wconf 80' lang='lat' dir='ltr'><strong>R.</strong></span> <span class='ocrx_word' id='word_1_258' title='bbox 1528 2293 1575 2331; x_wconf 93' lang='lat' dir='ltr'><strong>P.</strong></span> <span class='ocrx_word' id='word_1_259' title='bbox 1606 2292 1707 2343; x_wconf 81' lang='lat' dir='ltr'><strong>apud</strong></span> 
     </span>
     <span class='ocr_line' id='line_1_43' title="bbox 1008 2359 1197 2399; baseline -0.005 0"><span class='ocrx_word' id='word_1_260' title='bbox 1008 2360 1054 2399; x_wconf 93' lang='lat' dir='ltr'><strong>P.</strong></span> <span class='ocrx_word' id='word_1_261' title='bbox 1076 2360 1123 2398; x_wconf 92' lang='lat' dir='ltr'><strong>P.</strong></span> <span class='ocrx_word' id='word_1_262' title='bbox 1143 2359 1197 2398; x_wconf 91' lang='lat' dir='ltr'><strong>D.</strong></span> 
     </span>
    </p>

    <p class='ocr_par' dir='ltr' id='par_1_9' title="bbox 1006 2422 1707 2601">
     <span class='ocr_line' id='line_1_44' title="bbox 1064 2422 1707 2473; baseline -0.009 -8"><span class='ocrx_word' id='word_1_263' title='bbox 1064 2428 1127 2465; x_wconf 85' lang='lat'><strong>85.</strong></span> <span class='ocrx_word' id='word_1_264' title='bbox 1154 2431 1178 2449; x_wconf 89' lang='lat'><strong>“</strong></span> <span class='ocrx_word' id='word_1_265' title='bbox 1192 2423 1305 2463; x_wconf 75' lang='grc' dir='ltr'>αὗται</span> <span class='ocrx_word' id='word_1_266' title='bbox 1318 2424 1359 2464; x_wconf 83' lang='grc' dir='ltr'><strong>δέ</strong></span> <span class='ocrx_word' id='word_1_267' title='bbox 1369 2439 1415 2473; x_wconf 76' lang='grc' dir='ltr'><strong>γε</strong></span> <span class='ocrx_word' id='word_1_268' title='bbox 1429 2424 1481 2463; x_wconf 94' lang='lat' dir='ltr'><strong>A.</strong></span> <span class='ocrx_word' id='word_1_269' title='bbox 1499 2423 1545 2460; x_wconf 89' lang='lat' dir='ltr'><strong>B.</strong></span> <span class='ocrx_word' id='word_1_270' title='bbox 1566 2422 1707 2460; x_wconf 86' lang='lat' dir='ltr'><strong>Dorv.”</strong></span> 
     </span>
     <span class='ocr_line' id='line_1_45' title="bbox 1008 2485 1707 2538; baseline -0.004 -12"><span class='ocrx_word' id='word_1_271' title='bbox 1008 2488 1058 2526; x_wconf 90' lang='lat' dir='ltr'><strong>R.</strong></span> <span class='ocrx_word' id='word_1_272' title='bbox 1079 2488 1127 2526; x_wconf 93' lang='lat' dir='ltr'><strong>P.</strong></span> <span class='ocrx_word' id='word_1_273' title='bbox 1163 2489 1262 2538; x_wconf 86' lang='lat' dir='ltr'><strong>apud</strong></span> <span class='ocrx_word' id='word_1_274' title='bbox 1298 2487 1345 2526; x_wconf 92' lang='lat' dir='ltr'><strong>P.</strong></span> <span class='ocrx_word' id='word_1_275' title='bbox 1366 2487 1414 2526; x_wconf 92' lang='lat' dir='ltr'><strong>P.</strong></span> <span class='ocrx_word' id='word_1_276' title='bbox 1433 2485 1488 2524; x_wconf 93' lang='lat' dir='ltr'><strong>D.</strong></span> <span class='ocrx_word' id='word_1_277' title='bbox 1503 2500 1520 2530; x_wconf 90' lang='lat'><em>;</em></span> <span class='ocrx_word' id='word_1_278' title='bbox 1570 2485 1707 2524; x_wconf 86' lang='lat' dir='ltr'><strong>subdu-</strong></span> 
     </span>
     <span class='ocr_line' id='line_1_46' title="bbox 1006 2549 1704 2601; baseline -0.006 -8"><span class='ocrx_word' id='word_1_279' title='bbox 1006 2555 1130 2593; x_wconf 74' lang='lat' dir='ltr'><strong>bitans</strong></span> <span class='ocrx_word' id='word_1_280' title='bbox 1166 2553 1312 2592; x_wconf 88' lang='lat' dir='ltr'><strong>infercit</strong></span> <span class='ocrx_word' id='word_1_281' title='bbox 1346 2568 1391 2601; x_wconf 75' lang='grc' dir='ltr'><strong>γε</strong></span> <span class='ocrx_word' id='word_1_282' title='bbox 1437 2550 1490 2590; x_wconf 91' lang='lat' dir='ltr'><strong>R.</strong></span> <span class='ocrx_word' id='word_1_283' title='bbox 1517 2549 1564 2588; x_wconf 93' lang='grc' dir='ltr'><strong>Β.</strong></span> <span class='ocrx_word' id='word_1_284' title='bbox 1610 2553 1704 2590; x_wconf 83' lang='grc'><strong>415.</strong></span> 
     </span>
    </p>
   </div>
   <div class='ocr_carea' id='block_1_9' title="bbox 1006 2615 1705 2729">
    <p class='ocr_par' dir='ltr' id='par_1_10' title="bbox 1006 2615 1705 2729">
     <span class='ocr_line' id='line_1_47' title="bbox 1009 2615 1705 2667; baseline -0.007 -10"><span class='ocrx_word' id='word_1_285' title='bbox 1009 2619 1069 2657; x_wconf 86' lang='lat' dir='ltr'><strong>Sic</strong></span> <span class='ocrx_word' id='word_1_286' title='bbox 1097 2619 1241 2657; x_wconf 88' lang='lat' dir='ltr'><strong>codices</strong></span> <span class='ocrx_word' id='word_1_287' title='bbox 1272 2617 1369 2655; x_wconf 84' lang='lat' dir='ltr'><strong>Rav.</strong></span> <span class='ocrx_word' id='word_1_288' title='bbox 1392 2620 1429 2654; x_wconf 86' lang='lat' dir='ltr'><strong>et</strong></span> <span class='ocrx_word' id='word_1_289' title='bbox 1445 2627 1557 2667; x_wconf 78' lang='lat' dir='ltr'><strong>quam</strong></span> <span class='ocrx_word' id='word_1_290' title='bbox 1580 2615 1705 2665; x_wconf 86' lang='lat' dir='ltr'><strong>proxi-</strong></span> 
     </span>
     <span class='ocr_line' id='line_1_48' title="bbox 1006 2677 1705 2729; baseline -0.009 -8"><span class='ocrx_word' id='word_1_291' title='bbox 1006 2695 1067 2721; x_wconf 89' lang='lat' dir='ltr'><strong>me</strong></span> <span class='ocrx_word' id='word_1_292' title='bbox 1098 2695 1192 2728; x_wconf 83' lang='lat' dir='ltr'><strong>unus</strong></span> <span class='ocrx_word' id='word_1_293' title='bbox 1223 2681 1336 2720; x_wconf 81' lang='lat' dir='ltr'><strong>Cant.</strong></span> <span class='ocrx_word' id='word_1_294' title='bbox 1355 2679 1401 2717; x_wconf 91' lang='lat' dir='ltr'><strong>C.</strong></span> <span class='ocrx_word' id='word_1_295' title='bbox 1441 2678 1549 2729; x_wconf 84' lang='lat' dir='ltr'><strong>(olim</strong></span> <span class='ocrx_word' id='word_1_296' title='bbox 1581 2677 1705 2716; x_wconf 82' lang='lat' dir='ltr'><strong>Aske-</strong></span> 
     </span>
    </p>
   </div>
   <div class='ocr_carea' id='block_1_10' title="bbox 1006 2744 1701 2797">
    <p class='ocr_par' dir='ltr' id='par_1_11' title="bbox 1006 2744 1701 2797">
     <span class='ocr_line' id='line_1_49' title="bbox 1006 2744 1701 2797; baseline -0.003 -12"><span class='ocrx_word' id='word_1_297' title='bbox 1006 2747 1154 2797; x_wconf 79' lang='lat' dir='ltr'><strong>vianus)</strong></span> <span class='ocrx_word' id='word_1_298' title='bbox 1179 2751 1218 2786; x_wconf 81' lang='lat' dir='ltr'><strong>et</strong></span> <span class='ocrx_word' id='word_1_299' title='bbox 1240 2751 1265 2770; x_wconf 92' lang='lat'><strong>“</strong></span> <span class='ocrx_word' id='word_1_300' title='bbox 1282 2744 1422 2785; x_wconf 78' lang='lat' dir='ltr'><strong>Dorv.”</strong></span> <span class='ocrx_word' id='word_1_301' title='bbox 1445 2760 1473 2792; x_wconf 81' lang='grc' dir='ltr'><em>μ</em></span> <span class='ocrx_word' id='word_1_302' title='bbox 1499 2759 1545 2792; x_wconf 74' lang='grc' dir='ltr'><strong>γε</strong></span> <span class='ocrx_word' id='word_1_303' title='bbox 1569 2745 1609 2797; x_wconf 82' lang='grc' dir='ltr'><strong>ῤ.</strong></span> <span class='ocrx_word' id='word_1_304' title='bbox 1627 2747 1701 2783; x_wconf 68' lang='lat' dir='ltr'><strong>toes</strong></span> 
     </span>
    </p>
   </div>
  </div>
 </body>
</html>
