1864 3132
867 284 963 333 173

197 395 359 445 similis
389 397 525 456 adeo,
563 400 618 445 ut
644 410 785 445 ovum
819 397 900 446 vix
930 398 992 445 sit
1021 413 1114 446 ovo
1144 396 1355 446 similius
1426 397 1501 446 Ibi
1532 398 1626 446 sci—

197 475 311 524 licet
354 498 424 533 μοι
468 472 635 524 Sace-rm
674 495 786 539 ητορ
827 481 966 530 extra
1006 475 1382 523 controversiam
1427 475 1627 523 denotat

197 550 320 599 mila·
335 559 455 614 'prce
490 548 828 599 misericordia
853 549 1060 615 flagrat
1093 567 1190 599 cor.
1263 551 1507 599 Caet'erum
1537 567 1645 611 nu·-

196 636 317 694 pero'
356 629 528 678 editori
568 618 648 676 hic
688 643 780 676 usu
821 627 954 700 venit
993 634 1049 675 ut
1081 627 1256 675 fluctus
1288 629 1339 676 in
1375 627 1628 692 simpulossss

199 706 512 763 excitaverit:
566 705 715 753 “Sed
743 705 1016 771 jam-dicat
1060 703 1175 751 mihi
1213 704 1382 770 aliquis
1422 721 1510 753 cnr
1547 720 1629 753 ex-

197 787 230 808 “
254 789 419 832 ureret
451 780 645 850 algam?
679 789 946 847 agger-eret
980 782 1156 846 potius,
1193 788 1242 829 et
1274 782 1628 831 accumularet.

198 864 232 883 “
254 859 588 925 Conjiciebam
626 859 737 908 olim
776 881 1018 917 κατενησας
1055 859 1398 908 accumulasti.
1469 859 1631 908 Credo

201 940 233 959 “
255 937 489 984 audacem
528 942 579 984 et
615 936 834 1000 ineptum
873 936 1099 999 aliquem,
1147 951 1255 984 cum
1295 937 1479 985 videret
1514 944 1631 985 καιεο

201 1016 236 1035 “
258 1012 528 1076 reposuisse
559 1034 677 1076 πυρι,
723 1019 787 1070 et,
823 1016 876 1059 ut
909 1013 1022 1060 satis
1057 1019 1183 1061 esset
1215 1013 1359 1079 ignis,
1394 1036 1631 1071 κατενησας

201 1095 235 1115 “
257 1097 466 1142 mutasse
488 1090 538 1138 in
562 1088 857 1156 κατεφλεξᾴς.
930 1090 1162 1138 Putaram
1194 1091 1339 1139 etiam
1368 1091 1468 1156 legi
1490 1108 1631 1156 posse

201 1173 235 1192 “
257 1168 554 1233 κατεφρυξαὲ,
588 1163 854 1234 arefecisti,
889 1165 1043 1215 Nunc
1078 1168 1297 1232 displicet
1330 1173 1464 1234 φυκος
1492 1184 1633 1233 repe-

202 1249 236 1269 “
257 1245 412 1303 titum,
472 1251 521 1292 et
571 1251 726 1292 totum
782 1243 941 1291 locum
995 1251 1277 1308 corruptum
1331 1245 1540 1293 arbitror
1584 1252 1634 1293 et

204 1326 237 1346 “
257 1321 622 1375 insanabilem?
694 1320 804 1386 Ego
826 1336 941 1369 vero
972 1321 1126 1369 dicam
1152 1337 1238 1368 cur
1261 1321 1451 1370 Asterie
1472 1321 1631 1387 algam

205 1402 448 1443 exureret.
538 1397 777 1444 Obstabat
822 1397 1048 1444 nimirum
1091 1398 1219 1463 alga,
1272 1413 1382 1460 quae
1429 1398 1633 1446 insulam

206 1445 398 1520 abunde
422 1478 588 1518 secuta
615 1470 792 1529 fuerat,
827 1488 924 1536 quo
953 1473 1110 1519 minus
1140 1473 1330 1519 Latona
1361 1474 1423 1519 ad
1455 1479 1632 1519 terram

206 1547 347 1596 ratim
385 1546 660 1610 appelleret.
730 1546 840 1594 Hoc
878 1547 1182 1594 incommodo
1213 1546 1476 1594 laborantis
1511 1547 1635 1597 Deae

208 1622 542 1670 commiserata
588 1621 774 1669 Asterie
820 1622 864 1668 ei
909 1622 1021 1687 alga
1075 1629 1244 1669 exusta
1285 1622 1474 1685 copiam
1520 1623 1638 1672 fecit

209 1707 377 1765 optata
420 1716 570 1748 arena
609 1700 843 1764 potiundi.
935 1700 1049 1748 Jam
1095 1717 1207 1749 vero
1253 1701 1380 1748 dicat
1425 1708 1475 1750 et
1518 1703 1637 1751 mihi

208 1778 413 1827 vicissim
441 1777 613 1840 aliquis
644 1794 730 1831 cur
757 1778 915 1843 algam
947 1778 1137 1826 Asterie
1161 1779 1481 1842 agg-essisset.
1553 1780 1636 1828 Vi·
1669 1843 1678 1846 ‘

208 1855 348 1903 detur
387 1854 581 1918 quidem
619 1854 690 1902 vir
730 1854 945 1902 eruditus
983 1855 1143 1921 algam
1183 1862 1449 1919 aggestum
1487 1863 1636 1921 atque

207 1931 407 1994 insuper
450 1929 725 1995 arefactam
772 1946 830 1978 eo
875 1930 1074 1979 consilio
1118 1930 1340 1989 voluisse,
1386 1938 1441 1979 ut
1484 1932 1637 1980 mollis

209 2004 432 2052 nimirum
454 2004 566 2052 lecti
587 2004 742 2052 vicem
766 2005 1024 2068 suppleret,
1059 2021 1121 2053 ne
1144 2005 1269 2054 forte
1294 2006 1484 2054 Latona
1506 2007 1636 2054 silice

207 2080 258 2128 in
282 2081 447 2133 nuda†
469 2097 590 2128 onus
620 2082 900 2145 deponeret.
973 2082 1038 2129 At
1069 2098 1239 2130 vereor
1264 2099 1326 2130 ne
1349 2084 1484 2134 istius
1509 2100 1637 2130 com-

209 2159 358 2207 menti
389 2157 624 2207 subtilitas
657 2158 735 2207 vel
764 2159 879 2226 ipsa
916 2159 1030 2225 alga‘
1063 2161 1240 2222 viliorss
1278 2161 1338 2209 sit
1377 2162 1632 2210 censenda.

383 2289 421 2306 s
1303 2308 1305 2310 .

221 2342 233 2352 ⁴
266 2334 330 2369 82.
360 2330 499 2368 Athen.
521 2342 625 2377 V111‚
650 2334 742 2368 338.
762 2332 813 2371 A.
849 2330 894 2369 ‘O
952 2344 996 2369 ac
1014 2337 1140 2370 nostro
1158 2333 1339 2383 quidem.’'
1362 2333 1411 2372 R.
1425 2334 1471 2372 B.
1490 2336 1533 2372 de
1553 2336 1639 2385 Epi-

211 2395 325 2434 adv-ds·
343 2396 499 2449 Δωρίων
521 2396 743 2443 καταγελῶν
762 2398 835 2434 τοῦ
857 2396 897 2434 ἐν
952 2396 1055 2434 stolis
1092 2397 1266 2443 Socratis,
1302 2412 1337 2448 p.
1367 2404 1420 2443 90
1432 2416 1443 2446 3
1457 2424 1509 2430 —
1523 2406 1548 2424 “
1568 2403 1640 2439 and

212 2462 269 2514 τῷ
286 2460 470 2508 Τιμοθέου
499 2460 678 2513 Ναυτίλῳ
702 2462 898 2514 χειμῶνος,
951 2461 1052 2498 make
1069 2474 1092 2498 α
1113 2461 1204 2499 Tide
1222 2463 1295 2500 and
1310 2477 1334 2500 a
1352 2463 1479 2511 Flood,
1502 2466 1640 2516 though

208 2521 390 2574 ἔφασκεν,
416 2521 455 2561 ἐν
472 2521 643 2574 κακκάβᾳ
664 2523 801 2576 ζεούσᾳ
820 2527 896 2572 μεί·
951 2525 984 2562 it
1008 2525 1048 2561 be
1066 2525 1128 2561 but
1150 2525 1189 2562 in
1212 2539 1234 2563 a
1260 2526 1382 2563 Bason
1407 2527 1455 2578 qf
1480 2527 1531 2565 W
1528 2530 1641 2566 ater.’'

211 2587 301 2639 ζονα
319 2584 517 2640 ἑωρακέναι
535 2589 715 2640 χειμᾰίνα.
749 2587 831 2627 Cic.
851 2589 895 2625 de
951 2589 1060 2627 Conf.
1106 2590 1225 2628 Piers.
1268 2592 1446 2632 Verisim.
1481 2606 1518 2642 p.
1548 2597 1639 2631 218.

214 2650 327 2700 Legg.
342 2662 415 2697 111,
434 2648 494 2688 16.
539 2655 562 2673 “
578 2651 779 2690 Excitabat
796 2652 894 2690 enim
951 2655 1056 2693 Idem
1111 2654 1287 2704 adagium
1338 2657 1419 2705 pari
1467 2656 1639 2694 felicitate

211 2714 342 2751 fluetus
377 2715 434 2757 in„
457 2713 631 2763 simpulo,
678 2722 719 2754 ut
752 2717 896 2766 dicitur,
953 2718 1112 2768 Anglice
1122 2717 1255 2754 extulit
1267 2717 1615 2757 SamuelisJohnson
1624 2734 1639 2762 ;

215 2776 418 2823 Gratidius,
453 2790 544 2827 quos
578 2782 661 2826 post
689 2778 788 2817 filius
819 2782 896 2830 ejus
952 2782 1075 2820 locum
1095 2782 1307 2820 meminisse
1319 2783 1480 2832 juvaret.

213 2841 360 2881 Marius
382 2842 421 2880 in
442 2843 572 2893 AEgaeo
593 2843 771 2883 excitavit
787 2846 897 2893 maii,
1001 2850 1024 2887 †
1042 2847 1149 2898 Virg.
1162 2847 1255 2884 Buc.
1272 2851 1306 2884 1.
1334 2851 1350 2893 χ
1369 2845 1421 2883 H.
1435 2846 1474 2884 S.
1489 2857 1538 2884 11.
1550 2850 1637 2884 v.,8.
