1864 3132
867 267 950 315 29⁷

189 374 404 423 metricae
437 371 708 438 integritati
743 373 1014 421 consultum
1049 377 1151 430 est3
1187 375 1337 419 re‘stat
1364 383 1483 417 vero
1515 383 1623 414 sen-

188 453 342 500 tentia
378 451 524 516 plane
558 449 703 499 nulla.

776 449 922 510 Quod
966 450 1004 497 si
1036 451 1188 516 legas,
1235 463 1334 512 quo
1367 446 1510 494 modo
1543 445 1624 493 vix
1644 496 1656 507 Ι,

190 528 359 589 dubito
404 528 521 592 quin
567 526 816 592 scripserit
860 526 1206 585 Terentianus,
1258 542 1359 574 non
1403 530 1627 589 egentem

191 605 415 663 subsidi';
453 623 552 655 uno
585 607 786 672 negotio
819 622 989 655 sanum
1024 606 1322 654 trochaicum
1353 620 1411 652 ac
1434 609 1627 652 senten·

193 683 308 730 tiam
333 698 479 746 quam
504 683 710 730 maxime
728 682 1035 747 perspicuam
1052 682 1280 731 habebis:
1307 688 1364 729 ut
1377 679 1631 732 vacabunt

194 759 389 825 quando
418 759 593 821 plures
626 772 851 807 consonoe
884 764 1054 822 sponte
1080 758 1376 821 productam
1399 747 1631 821 syllabam

194 843 478 902 sequentur,
512 852 571 884 ac
610 837 816 900 proinde
849 853 951 884 non
986 842 1209 900 egentem
1243 834 1319 883 vel
1356 849 1521 881 earum
1555 830 1634 879 vel

194 914 315 961 alius
351 913 620 978 cujuspiam
652 911 855 961 subsidi'.
926 912 1172 961 Caeterum
1196 911 1340 976 hujus
1365 908 1633 957 *emenda-
1689 904 1719 956 7

197 989 340 1038 tionis
364 990 503 1053 siqua
524 989 586 1037 sit
605 990 725 1047 lauS‚
760 1006 819 1037 ea
840 990 944 1038 viro
973 990 1160 1037 cuidam
1179 988 1455 1036 doctissimo
1470 987 1507 1013 ¹⁴
1535 1001 1634 1033 me·

198 1081 308 1113 cum
330 1066 650 1114 communiter
672 1066 878 1114 debetur
898 1085 909 1115 ε
948 1067 1149 1114 cuicum
1171 1065 1222 1113 in
1247 1081 1415 1112 manus
1434 1079 1543 1127 quae
1555 1061 1636 1108 hic

199 1141 329 1189 dicta
373 1148 487 1189 sunt
531 1142 832 1206 perlegenda
875 1141 1192 1198 tradidissem,
1238 1141 1398 1204 ipsum
1441 1137 1634 1186 interim

200 1219 409 1284 cognovi
432 1220 601 1267 eodem
626 1220 768 1267 modo
791 1217 922 1267 hunc
944 1219 1104 1267 locum
1129 1218 1391 1266 refluxisse.

202 1308 275 1355 lb,
311 1307 342 1354 l.
369 1318 439 1355 22.

304 1393 335 1440 Ι
350 1394 510 1442 media
536 1410 686 1460 quum
708 1395 902 1444 locatur
923 1394 1038 1443 hinc
1062 1401 1109 1443 et
1130 1393 1245 1442 hinc
1266 1390 1541 1457 vocalium]

207 1479 329 1547 Pag.
354 1473 589 1544 sequente
609 1482 640 1528 l.
666 1495 708 1531 4.
745 1483 874 1529 istud
896 1483 1108 1529 occurrit
1128 1500 1139 1529 :
1300 1548 1304 1557 ¹

272 1565 552 1614 Vsimiliter
574 1567 619 1614 si
639 1567 934 1625 conlocetur,
958 1574 1014 1614 ut
1036 1567 1173 1614 favor
1195 1581 1345 1631 quum
1367 1564 1639 1613 scribimus.

206 1655 407 1720 Syllaba
441 1672 541 1703 una
572 1672 664 1703 con
699 1671 957 1719 perperam
990 1655 1150 1702 locata
1184 1655 1304 1701 duos
1327 1669 1493 1702 versus
1529 1668 1642 1700 con·

206 1732 473 1785 ,taminavit
499 1774 506 1776 a
544 1732 604 1779 In
639 1732 803 1795 priore
839 1732 1009 1794 utique
1044 1731 1343 1778 desideratur
1356 1749 1371 1787 3
1407 1730 1457 1776 in
1491 1728 1645 1775 altero

210 1809 462 1857 redundat.

533 1808 617 1856 Tu
657 1809 887 1872 deinceps
926 1809 1052 1873 lege,
1089 1806 1121 1854 I
1149 1806 1310 1867 media
1347 1822 1498 1872 quum
1531 1822 1645 1854 con-

208 1886 398 1934 locatur
417 1903 427 1933 :
446 1884 483 1910 ¹⁵
516 1890 582 1941 et,
629 1882 671 1931 V
686 1883 911 1948 similiter
934 1884 979 1932 si
999 1884 1202 1933 locetur.

215 1973 336 2038 Pag.
362 1984 431 2021 31.
467 1972 498 2019 l.
525 1984 590 2020 12.

279 2048 512 2114 Namque
550 2065 717 2112 equOS,
756 2049 836 2097 vel
869 2065 1054 2113 aequor,
1095 2055 1324 2113 quaestus,
1359 2044 1452 2097 aut
1471 2064 1647 2112 aquam

417 2142 559 2192 quom
586 2124 876 2191 scribimus]

216 2225 450 2277 suetudinem·
479 2238 499 2262 e
538 2225 692 2263 Nor-isio
737 2226 907 2263 didicisse

220 2289 364 2326 videtur
410 2289 457 2326 R.
493 2290 538 2326 B.
590 2289 630 2327 Si
662 2289 743 2339 quis
766 2290 912 2327 naviter

219 2353 423 2403 pertendat,
444 2357 469 2375 “
486 2352 565 2389 Cur
582 2353 681 2390 aliud
699 2354 773 2390 alio
790 2354 911 2402 potius

218 2417 352 2454 rectius
377 2428 469 2461 esse,
503 2415 625 2463 dicas,*
649 2429 723 2454 non
747 2429 835 2455 sane
859 2417 913 2454 in-

217 2480 357 2530 telligo.
376 2502 430 2508 -
447 2479 537 2516 Noli
588 2479 701 2530 igitur
744 2481 912 2519 laborare

219 2551 346 2583 utrum
387 2545 543 2582 istorum
587 2545 720 2583 debeas
763 2546 882 2583 dicere
902 2561 912 2591 ;

221 2622 326 2656 nam,
367 2621 455 2647 cum
486 2610 522 2646 id
554 2622 667 2659 genus
703 2610 767 2658 sis,
816 2611 913 2661 quod

222 2673 343 2719 video,
369 2678 411 2710 ut
428 2673 506 2711 sine
519 2674 670 2723 jactura
687 2674 739 2712 tui
770 2688 913 2724 pecces,

224 2737 318 2774 nihil
337 2737 465 2786 perdes
483 2743 608 2775 utrum
626 2737 798 2776 dixeris.’'
824 2740 915 2777 Gel-

224 2801 296 2839 lius
319 2813 426 2847 xux,
445 2801 523 2839 xix.
562 2801 659 2838 Vide
675 2802 843 2840 Addend‚

284 2869 344 2903 14.
375 2865 559 2913 Fortasse,
585 2864 723 2903 Joanm'
744 2866 915 2917 Tayloro,

963 2218 1123 2263 L.L.1').
1171 2225 1315 2275 Legum
1352 2225 1564 2263 Atticarum
1601 2225 1657 2262 in-

964 2290 1160 2328 stauratori
1186 2290 1410 2328 felicissimo.

1024 2358 1083 2391 15.
1119 2354 1211 2391 Ibid.
1240 2368 1275 2404 p.
1299 2359 1359 2398 17.
1387 2354 1412 2392 l.
1432 2359 1469 2392 4.
1498 2355 1550 2392 sie
1568 2354 1660 2391 citat

968 2419 1118 2457 Servius
1139 2420 1187 2456 ad
1215 2420 1307 2458 Geo.
1334 2432 1386 2465 11,
1415 2423 1504 2465 519.
1552 2420 1656 2465 Quos

967 2495 1075 2531 super
1090 2483 1250 2521 insidens
1267 2488 1427 2532 trapetos
1439 2484 1545 2533 signa
1553 2483 1659 2534 gyris

967 2547 1391 2596 temperat-Legendum
1399 2554 1455 2586 est
1461 2561 1561 2593 vero,
1573 2548 1659 2593 Quo

967 2623 1076 2659 super
1094 2611 1221 2648 sedens
1246 2616 1402 2660 trapeto,
1430 2611 1537 2662 signa
1553 2611 1659 2661 gyris

967 2677 1339 2723 temperat—Annon
1357 2676 1423 2713 tibi
1447 2676 1596 2714 cavebis
1615 2675 1659 2711 de

971 2739 1100 2777 Servio
1123 2740 1186 2790 qui
1218 2753 1332 2777 unum
1366 2740 1659 2778 infelicissimum

968 2805 1197 2843 trochaicum
1210 2805 1325 2842 tribus
1340 2804 1543 2841 infortuniis
1561 2814 1662 2840 mac-

968 2869 1091 2907 tavit?
1128 2870 1387 2907 TAYLORUS.
