1864 3132
685 531 715 562 ³⁸⁵
743 528 980 599 SEeT.
1050 529 1137 601 V.

809 742 1014 769 ..ss-

199 905 392 956 Ictuum
424 903 529 954 sive
561 911 857 954 accentuum
887 904 1018 954 ratio
1058 922 1090 955 a
1122 906 1284 971 poetis
1315 907 1492 960 Atticis
1525 926 1628 960 ser-

262 988 398 1031 vata.
484 977 870 1029 Emendationes
906 979 1097 1030 selectae
1139 981 1195 1031 in
1238 982 1472 1048 singulas
1514 984 1636 1041 Ari-A

262 1056 519 1122 stophanis
546 1056 778 1123 fabulas.
847 1054 1198 1106 Emeudantur
1234 1057 1289 1107 in
1331 1063 1629 1110 transcursu

265 1132 549 1199 Euripides,
582 1132 857 1198 Sophocles,
891 1133 1177 1201 AEschylua

198 1289 356 1366 Cum
402 1313 454 1363 in
499 1315 718 1381 subjecto
761 1314 1152 1365 emendationum
1205 1315 1396 1364 delectu
1443 1315 1626 1365 ictuum

196 1388 298 1438 sive
342 1398 629 1439 accentuum
675 1393 858 1440 mentio
903 1393 1109 1440 subinde
1161 1399 1399 1451 occurrat,
1458 1409 1626 1441 eorum

196 1465 435 1514 rationem
477 1466 528 1514 in
572 1467 738 1514 metris
780 1467 1059 1532 praecipuis,
1108 1467 1316 1515 iambica
1359 1468 1484 1526 dico,
1527 1475 1627 1518 tro-

198 1543 383 1602 chaica,
436 1551 486 1591 et
528 1543 838 1607 anapaestica,
892 1561 923 1591 a
963 1544 1118 1608 poetis
1172 1545 1343 1592 Atticis
1387 1551 1626 1595 servatam

197 1619 315 1669 libet
352 1621 430 1669 hic
466 1621 648 1686 praevie
684 1635 942 1684 exponere.
1016 1620 1182 1669 Metra
1220 1621 1426 1669 iambica
1462 1628 1632 1670 notum

198 1706 273 1749 est
316 1707 498 1764 praeter
542 1700 770 1757 iambum,
816 1700 888 1748 uti
932 1706 983 1748 et
1025 1700 1271 1748 trochaica
1316 1707 1497 1764 praeter
1535 1707 1634 1750 tro-

198 1779 404 1836 chaeum,
438 1779 586 1842 pedes
616 1779 834 1842 recipere
864 1778 1165 1843 tribrachyn,
1203 1778 1485 1842 spondeum,
1522 1779 1633 1827 dac-

197 1859 367 1925 tylum,
405 1865 455 1907 et
488 1865 802 1922 anapaestum.
875 1858 933 1906 In
970 1858 1085 1922 ipsis
1120 1857 1281 1906 iambo
1316 1864 1366 1906 et
1399 1859 1632 1917 trochaeo,

199 1951 310 1985 cum
346 1935 480 1984 illum
514 1935 711 2000 syllabae
744 1935 878 1983 brevi
909 1935 1073 2000 longa,
1114 1934 1246 1983 hunc
1279 1935 1443 2000 longae
1473 1935 1635 1985 brevis

199 2013 419 2079 subjecta
464 2013 781 2062 constitueret
797 2031 811 2070 ;
872 2012 1147 2076 postulabat
1193 2012 1265 2061 rei
1309 2012 1504 2061 musicae
1550 2028 1635 2061 ne-

201 2092 396 2140 cessitas
445 2099 501 2140 ut
553 2099 808 2141 accentum
866 2092 1029 2158 longae
1080 2092 1218 2140 sedes
1269 2092 1630 2141 determinaret.

203 2166 458 2232 Spondeus
490 2175 669 2227 autem,
710 2185 818 2218 cum
859 2185 921 2218 ex
954 2170 1141 2218 duabus
1174 2169 1334 2236 longis
1373 2175 1636 2229 constaret,

203 2244 424 2308 adeoque
457 2245 520 2292 ad
551 2246 675 2293 ictus
705 2247 867 2296 sedem
898 2262 988 2310 per
1021 2262 1074 2295 se
1108 2246 1255 2311 plane
1287 2252 1414 2294 esset
1447 2246 1637 2296 indiffe-

204 2337 333 2379 rens,
370 2320 415 2368 ei
445 2327 606 2368 autem
630 2337 716 2385 pes
738 2329 943 2388 uterque
967 2325 1027 2372 de
1051 2325 1195 2372 certis
1226 2323 1420 2371 sedibus
1452 2340 1638 2372 summa

205 2413 315 2446 cum
349 2397 577 2445 comitate
615 2398 840 2457 cederet;
892 2400 1024 2447 haud
1055 2399 1174 2447 levis
1208 2399 1431 2463 profecto
1467 2407 1638 2449 contu-

203 2474 373 2524 maciae
426 2475 705 2542 arguendus
756 2477 961 2534 veniret,
1026 2476 1076 2524 ni
1127 2476 1178 2524 in
1231 2492 1374 2525 versu
1428 2476 1637 2525 iambico

205 2552 368 2611 iambi,
429 2552 479 2601 in
525 2553 770 2602 trochaico
821 2552 1022 2602 trochaei
1075 2553 1312 2602 rationem
1357 2554 1635 2602 commodus

207 2627 412 2679 vicissim
443 2645 503 2679 ac
531 2629 719 2696 patiens
748 2629 1065 2696 sequeretur.¹
1137 2630 1440 2696 Tribrachys
1475 2629 1637 2678 simili-

718 2779 754 2812 1.
790 2773 884 2812 Hor.
908 2774 958 2812 A.
977 2774 1020 2812 P.
1038 2776 1128 2818 257.

1610 561 1634 600 χ
1670 547 1762 588 188
