1864 3132
966 194 1066 242 154

291 299 430 350 minit
475 300 547 349 vir
586 300 803 349 eruditus
844 306 1074 366 tanquam
1108 314 1275 351 versus
1314 302 1605 365 pentametri
1625 300 1728 352 'tini

185 391 248 444 95
291 380 320 411 θ’
338 377 726 427 accommodatis,
799 378 963 442 Atque
997 377 1065 426 ita
1104 378 1296 444 quidem
1339 379 1388 428 in
1431 381 1595 429 nescio
1632 391 1731 446 qua

289 458 694 522 epigrammatum
707 457 747 483 ⁵⁴
792 457 1023 523 congerie
1067 458 1218 507 verba
1261 459 1353 507 ista
1397 459 1630 518 adhibita,
1677 461 1730 510 ni

287 538 409 587 ludit
454 554 532 586 me
578 524 824 597 memoria,
869 537 1130 603 ali-quando
1174 539 1289 588 vidi.
1373 540 1555 588 Verum
1601 539 1731 589 istud

286 616 349 664 ab
394 614 591 664 homine
636 616 859 681 imperito
906 616 1086 664 factum
1132 631 1239 665 esse
1281 617 1399 665 mihi
1444 631 1729 682 persuasum

286 693 435 741 sedet.
509 692 701 758 Quippe
724 693 764 741 si
788 694 917 741 vocis
943 691 1197 751 Θουκυδιδης
1218 695 1492 762 analogiam
1519 703 1726 760 spectes,

284 785 316 816 a
338 773 435 821 θεος
457 776 508 819 et
536 768 671 829 κυδρς,
709 771 840 835 quod
874 770 1087 835 priorem
1124 787 1319 836 semper
1351 773 1592 837 producit,
1630 773 1728 822 for-

285 849 406 898 mari
429 849 571 897 facile
595 848 793 899 videbis.
865 848 1062 915 Syllaba
1087 849 1258 913 utique
1284 856 1375 899 Θου
1405 850 1530 898 crasi
1555 851 1730 899 Atticis

284 923 556 972 sollemni⁵⁵
598 924 766 974 lonico
802 928 877 974 θεο
917 924 1213 989 aequipollet,
1260 941 1359 974 non
1401 940 1542 972 secus
1581 930 1734 989 atque

283 1000 335 1048 in
382 1007 699 1068 Oovqbpao--e-os‘
724 1008 775 1050 et
824 1008 1071 1069 Θουφανης.
1166 1001 1292 1050 Cum
1338 1001 1568 1067 analogia
1612 1017 1728 1049 con·
1771 993 1775 996 ⁴

282 1079 433 1143 spirat
454 1079 789 1144 Aristophanis
813 1079 1094 1136 auctoritas,
1167 1079 1381 1128 Acharn.
1408 1088 1510 1132 703.

587 1173 663 1232 Τῳ
685 1191 779 1235 ’γαρ
803 1191 908 1219 sucos·
929 1166 1065 1235 ανδρα
1087 1174 1240 1234 κυφον,
1279 1169 1432 1225 ἠλικον
1456 1165 1722 1226 Θουκῦὸιδην.

283 1267 383 1309 708.
589 1262 655 1307 Os*
676 1280 739 1312 μα
764 1279 847 1314 την
872 1263 1065 1322 Δημητρ
1089 1279 1246 1307 citemus
1268 1258 1361 1313 n‘veae
1384 1279 1434 1313 ην
1458 1253 1722 1313 Θουκῦδιδης.

282 1346 425 1412 VeSp.
451 1358 552 1402 941.
586 1347 731 1412 'Oa-ep
754 1369 870 1395 ποτε
893 1352 1079 1412 φευΎων
1102 1347 1244 1394 evi-aee
1266 1368 1337 1393 και
1362 1342 1625 1397 Θουκῡδιδης.

281 1461 460 1512 Monet
504 1464 555 1511 in
601 1462 907 1529 Thucydidis
953 1462 1054 1511 vita
1101 1462 1423 1512 Marcellinus
1469 1462 1546 1531 [p.
1572 1475 1614 1518 9.
1650 1465 1726 1513 ed.

281 1539 502 1604 Duker]
539 1540 834 1605 sepulchrali
872 1540 999 1589 illius
1040 1540 1280 1590 columnae
1319 1540 1541 1604 primitus
1581 1541 1727 1590 unice

282 1619 570 1684 inscriptum
609 1617 759 1666 fuisse
807 1619 1237 1668 ΘΟΥΚΥΔῙΔΗΣ
1283 1619 1540 1668 ΟΛΟΡΟΥ
1584 1619 1730 1668 ‘AAI-

282 1699 585 1755 ΜΟΥΣΙΟΣ,
651 1703 821 1761 postea
870 1712 987 1745 vero
1031 1713 1062 1744 a
1107 1696 1272 1744 nescio
1325 1713 1424 1762 quo
1480 1699 1726 1765 adjectum

283 1778 544 1823 ΕΝΘΑΔΕ
606 1777 836 1822 KEITAI.
962 1772 1122 1838 Hujus
1180 1773 1354 1836 opinor
1408 1774 1728 1824 additamenti

280 1856 452 1898 auctor
493 1864 685 1898 versum
727 1865 780 1896 se
821 1848 1071 1896 heroicum
1112 1848 1428 1913 complevisse
1465 1851 1729 1900 arbitratus

280 1931 370 1984 est,
440 1941 539 1974 non
600 1925 760 1973 minus
811 1924 1019 1973 fortasse
1069 1924 1242 1974 beatus
1302 1940 1448 1990 quam
1507 1927 1729 1976 absoluta

279 2002 525 2052 Homerus
557 2002 759 2051 Viliade.
834 2003 900 2050 At
935 2019 1033 2068 quo
1059 2003 1248 2069 judicio
1281 2003 1328 2051 id
1358 2003 1539 2052 factum
1564 2005 1729 2064 fuerit,

281 2096 344 2129 ex
367 2096 426 2129 ea
450 2096 596 2145 quam
620 2080 928 2130 exhibuimus
951 2081 1181 2148 analogia
1203 2089 1254 2130 et
1277 2082 1509 2146 exemplis
1530 2083 1726 2132 abunde

282 2166 491 2208 constat.

278 2320 373 2361 tum,
411 2314 460 2353 T.
480 2310 639 2353 Bentleii
676 2321 756 2355 erat
787 2317 826 2354 in
864 2316 972 2355 Praef.
1027 2331 1063 2368 p.
1084 2315 1164 2364 396
1179 2332 1219 2354 =
1238 2330 1289 2365 n,
1314 2322 1405 2362 470.
1448 2317 1666 2364 θουκυδίδης
1694 2317 1725 2357 δ’

279 2378 326 2415 ad
346 2377 500 2416 Callim-
520 2379 563 2416 P.
582 2379 673 2421 xvii,
1026 2381 1193 2436 ἐλέλιξεν
1223 2382 1288 2422 ε’ὀν
1318 2382 1415 2430 νόον,
1447 2381 1493 2429 ἢν
1519 2382 1560 2422 δὲ
1590 2383 1721 2429 νοῆσαι

326 2446 399 2481 -5ι1ι,Ἰ
429 2443 587 2482 Anthol.
607 2444 658 2482 H.
675 2444 731 2483 St.
753 2456 781 2482 1.
799 2457 836 2495 p.
853 2442 967 2483 66:
1028 2445 1126 2483 Vide
1154 2445 1203 2483 R.
1220 2444 1266 2482 P.
1290 2445 1425 2483 Tracts
1443 2458 1478 2495 p.
1500 2449 1565 2483 50.

280 2511 355 2546 An.
371 2508 441 2547 Gr.
457 2520 530 2555 111,
550 2507 641 2548 265.
664 2510 887 2556 θονκυδῖδην
904 2508 973 2548 Ὀ·
1084 2512 1148 2547 55.
1179 2509 1274 2546 Vide
1307 2520 1422 2558 supra
1446 2521 1484 2558 p.
1507 2511 1597 2546 108.
1634 2507 1724 2546 AEs·

278 2575 394 2628 λόρου
421 2574 657 2628 Κεκροπίδην
684 2577 736 2614 wo*
752 2576 868 2625 γένος.
911 2587 972 2615 1v.
1028 2575 1130 2626 chyl.
1152 2573 1325 2625 Septheb.
1344 2573 1436 2613 653.
1466 2571 1520 2610 Ὦ
1542 2573 1721 2620 θεομανές·

279 2652 316 2689 p.
329 2637 455 2684 376:
466 2648 538 2685 111,
558 2643 645 2678 125.
665 2641 835 2679 Thomas
856 2640 974 2679 Scho-
1028 2656 1074 2679 τε
1111 2640 1170 2678 καὶ
1206 2641 1297 2679 θεῶν
1329 2639 1426 2688 μέγα
1464 2639 1724 2687 στήσῃ-εἴ

277 2703 432 2751 ,lasticus
458 2703 550 2741 Σεΐσ
573 2704 708 2742 πόνους
731 2704 862 2756 φιλέω,
892 2705 975 2751 Aa·
1026 2704 1113 2742 ibid.
1139 2704 1210 2743 col.
1233 2710 1268 2744 1.
1296 2705 1426 2750 insere,
1458 2705 1599 2744 Θευδᾶς·
1632 2705 1721 2746 Act.

280 2767 470 2816 μόσθενες,
506 2770 575 2817 εἰμὶ
601 2770 642 2808 δέ
673 2772 754 2815 λίην
781 2770 856 2808 Καὶ
888 2777 975 2824 φιλ-
1030 2769 1083 2808 D.
1103 2769 1238 2818 Apost.
1259 2779 1300 2814 V,
1318 2764 1384 2805 36.
1422 2773 1460 2806 et
1497 2769 1664 2820 νενμηνὶᾳ
1700 2779 1721 2805 e

282 2832 509 2885 apto-reffins,
528 2832 585 2870 ocal
601 2832 910 2884 φιλοθουκυδίδης.
934 2845 973 2871 v.
1029 2833 1203 2872 Monam.
1222 2832 1312 2872 Teio
1331 2844 1395 2873 VI·
