1786 3178
221 281 300 329 xiv
797 297 1073 334 ramma-io.

474 389 657 427 Reiskius.
1187 390 1437 428 DAwEsms.

277 478 368 515 512.
395 477 421 515 f.
445 475 646 528 συμμίξασ’
677 475 730 524 (id
747 480 804 514 est
822 491 914 523 συμ-
1020 478 1211 529 ξυμμιξασ·
1233 477 1326 515 οιδα.
1355 491 1392 527 p.
1412 481 1504 521 317.

221 542 382 593 μίξασα)
410 555 445 591 p.
464 544 556 580 215.
1094 566 1098 570 .
1249 569 1251 571 .

276 616 368 662 659.
398 618 468 654 τοῖς·
488 618 603 655 αἰκίας
622 631 660 667 p.
680 615 771 656 216.
1021 633 1091 654 τας
1109 632 1282 662 αικιας,-
1295 629 1331 664 p.
1351 619 1443 655 318.

234 743 238 747 ι
275 693 367 733 949.
397 690 467 734 τήν
511 689 692 744 εὐφρόνην
734 690 820 726 ibid.
876 695 913 727 et
1020 692 1099 737 Την
1117 690 1422 730 ΕΥΦΡΟΝΗΝ
1441 693 1589 741 p.319.

222 753 323 790 Acta
352 752 495 791 Erudit.

276 825 432 863 Thesm.
466 828 557 866 502.
606 827 647 865 ἵν’
678 828 910 882 ὀσφρόμενος
1021 826 1060 862 Ιν
1092 825 1484 864 ΟΣΦΡΟΜΕΝΟΣ
1509 826 1658 875 μ328.

221 890 313 945 α’νῆρ
333 891 414 929 ἀπὸ
431 894 583 945 τείχους
602 897 734 931 cimmo.
762 906 799 943 p.
820 897 912 930 218.

275 965 368 1005 660.
399 968 617 1021 οἰχήσεται.
646 983 683 1018 p.
703 974 793 1014 219.
1024 975 1348 1014 ΟΙΧΗΣΕΤΑῙ.
1374 989 1412 1026 p.
1430 979 1522 1019 329.

275 1047 369 1087 941.
398 1047 527 1093 ὀλίγον
545 1045 633 1083 ibid.
1026 1052 1231 1090 ΟΛῙΓΟΥ
1250 1064 1288 1101 p.
1307 1054 1400 1090 331.

235 1225 238 1229 ’
291 1225 426 1274 Male
467 1243 662 1292 quoque
700 1229 763 1277 ab
803 1227 957 1277 altero
997 1230 1227 1279 audiebat
1256 1231 1538 1292 Dawesius,
1578 1233 1661 1299 qui

222 1314 454 1363 doctrinae
478 1317 740 1364 commodis
769 1317 1374 1387 plerumqueinvigilavit,
1409 1326 1458 1368 et
1484 1319 1661 1387 *existi-

221 1401 483 1450 mationem
525 1419 659 1452 suam
702 1405 867 1470 magni
903 1405 1088 1454 habuit.
1151 1406 1450 1466 Dorvillius,
1486 1408 1560 1456 vir
1583 1423 1660 1455 ce-

222 1483 449 1554 teroquin
468 1493 714 1558 egregius,
732 1499 910 1556 praeter
922 1494 1006 1559 jus
1031 1501 1080 1541 et
1097 1494 1169 1541 fas
1187 1480 1422 1542 Criticum
1442 1499 1661 1553 nostrum

220 1577 567 1637 insectabatur,
605 1577 967 1648 emendationes
1005 1581 1109 1646 ejus
1144 1582 1406 1630 acervatim
1440 1572 1663 1648 repudia-

219 1661 320 1718 bat,
379 1668 428 1709 et
472 1662 524 1709 in
571 1679 682 1711 eum
728 1664 860 1710 omni
916 1665 1173 1713 severitate
1229 1667 1660 1715 animadvertebat.

224 1754 255 1773 “
277 1749 407 1796 Huic
452 1750 603 1806 viro‚”
650 1750 811 1815 inquit
854 1749 1104 1808 Reiskius,
1152 1757 1185 1776 “
1207 1766 1358 1814 quum
1399 1752 1662 1816 aliquando

221 1856 352 1888 meas
377 1841 607 1903 quasdam
631 1840 683 1887 in
719 1839 1010 1904 Sophoclem
1047 1840 1353 1905 conjecturas
1379 1839 1657 1906 judicatum

223 1929 802 1986 exhiberem,-—memini,
840 1945 982 1994 quam
1018 1930 1332 1993 supercilioso
1362 1929 1661 1985 fastidioeat

222 2019 470 2084 abjecerit,
519 2033 665 2081 quam
710 2017 888 2079 acerba
941 2017 1152 2064 convitia
1207 2017 1340 2074 mihi,
1398 2011 1661 2081 appenditii

117 2099 168 2169 ’τίς
223 2105 417 2154 familiae
456 2119 649 2168 nempe,
696 2118 873 2160 coram,
921 2108 969 2149 et
1003 2119 1093 2166 per
1123 2102 1304 2160 literas,
1347 2091 1660 2183 quasiservo,

154 2198 157 2210 ¹
224 2191 749 2257 ingesserit.'’—-Hunc
762 2191 878 2256 jure
904 2197 952 2237 et
975 2191 1147 2238 merito
1171 2190 1501 2253 reprehendit,
1534 2190 1661 2239 illius

226 2278 403 2325 famam
448 2285 630 2326 temere
675 2285 724 2326 et
770 2279 1027 2343 perinique
1074 2279 1329 2328 maculavit
1378 2272 1663 2327 Charitonis

226 2366 418 2415 Editor.

292 2464 444 2513 Nunc
466 2466 526 2512 ad
551 2464 898 2528 supellectilem
923 2448 1094 2524 meam,
1137 2465 1279 2512 nimis
1314 2465 1518 2513 fortasse
1558 2462 1659 2511 exi-

225 2554 335 2612 lem,
371 2554 421 2600 in
446 2553 774 2601 Miscellanea
807 2551 991 2601 Critica
1023 2554 1241 2602 devenio.
1300 2550 1528 2616 Inprimis
1548 2565 1662 2615 gra-

225 2644 331 2701 tiaS,
358 2659 475 2707 quas
492 2658 686 2706 possum
712 2643 955 2700 maximas,
975 2657 1070 2708 ago
1086 2643 1378 2690 Reverendo
1400 2639 1658 2688 admodum

224 2729 583 2790 cultissimoque
618 2728 734 2775 Viro
770 2728 886 2774 mihi
920 2728 971 2775 in
999 2728 1092 2776 hoc
1117 2728 1359 2776 curriculo
1384 2729 1654 2812 praeeunte:

225 2816 310 2879 qui
331 2815 598 2862 doctrinam
620 2830 742 2878 puro
781 2815 989 2878 quodam
1025 2822 1075 2863 et
1109 2817 1316 2864 candido
1349 2813 1539 2862 dicendi
1567 2828 1656 2879 ge:

221 2919 339 2952 nere
372 2901 637 2968 conjunxit.
710 2901 872 2950 Multa
911 2918 997 2950 seu
1037 2902 1238 2961 minuta,
1278 2917 1364 2950 seu
1403 2898 1655 2949 recondita
